[{"id": "409779ZK", "brand": "Tessa", "category": "Aardappelen, groente en fruit", "subtitle": "1000 g", "title": "Tessa Appels 1KG", "image": "https://retrieval.dam-lite.prod.aws.jumbo.com/fit-in/360x360/Products/20102023_1697801882701_1697801887846_8713893186424_1.png", "inAssortment": true, "availability": {"availability": "AVAILABLE", "isAvailable": true, "label": null, "stockLimit": null, "__typename": "ProductAvailability"}, "sponsored": false, "auctionId": null, "link": "/producten/tessa-appels-1kg-409779ZK", "retailSet": false, "prices": {"price": 249, "promoPrice": 149, "pricePerUnit": {"price": 249, "unit": "kg", "__typename": "PricePerUnit"}, "__typename": "Price"}, "quantityDetails": {"maxAmount": 99, "minAmount": 1, "stepAmount": 1, "defaultAmount": 1, "__typename": "Quantity"}, "primaryBadge": [], "secondaryBadges": [{"alt": "Van dichtbij", "image": "/INTERSHOP/static/WFS/Jumbo-Site/Grocery/Jumbo-Grocery/nl_NL/PIMProductBadge/van-dichtbij.png", "__typename": "Badge"}], "badgeDescription": null, "customerAllergies": {"short": "", "__typename": "CustomerAllergies"}, "promotions": [{"id": "3926002-A-1", "group": "Week", "isKiesAndMix": false, "image": "/INTERSHOP/static/WFS/Jumbo-Grocery-Site/-/Jumbo-Grocery/nl_NL/Images_Aanbiedingen/2023/Weekaanbiedingen/Week%2043/Tessa%20appels.png", "tags": [{"text": "1 voor \u20ac 1,49", "inverse": false, "__typename": "PromotionTag"}], "start": {"dayShort": "wo", "date": 25, "monthShort": "okt", "__typename": "PromotionDateTime"}, "end": {"dayShort": "di", "date": 14, "monthShort": "nov", "__typename": "PromotionDateTime"}, "attachments": [{"type": "PromotionGroup-Badge", "path": "/INTERSHOP/web/WFS/Jumbo-Grocery-Site/nl_NL/-/EUR/ViewPromotionAttachment-OpenFile?unitName=Jumbo&LocaleId=nl_NL&DirectoryPath=PromotionBadges&FileName=Week.svg", "__typename": "PromotionAttachment"}], "primaryBadge": [{"alt": "PromotionGroup-Badge", "image": "/INTERSHOP/web/WFS/Jumbo-Grocery-Site/nl_NL/-/EUR/ViewPromotionAttachment-OpenFile?unitName=Jumbo&LocaleId=nl_NL&DirectoryPath=PromotionBadges&FileName=Week.svg", "__typename": "PromotionBadge"}], "__typename": "Promotion"}], "surcharges": [], "__typename": "Product", "crossSells": [], "retailSetProducts": []}, {"id": "71499NET", "brand": "Jumbo", "category": "Aardappelen, groente en fruit", "subtitle": "1 KG", "title": "Jumbo Mandarijnen 1kg", "image": "https://retrieval.dam-lite.prod.aws.jumbo.com/fit-in/360x360/Products/10082023_1691674955180_1691674959535_8711715881847_1.png", "inAssortment": true, "availability": {"availability": "AVAILABLE", "isAvailable": true, "label": null, "stockLimit": null, "__typename": "ProductAvailability"}, "sponsored": false, "auctionId": null, "link": "/producten/jumbo-mandarijnen-1kg-71499NET", "retailSet": false, "prices": {"price": 289, "promoPrice": null, "pricePerUnit": {"price": 289, "unit": "kg", "__typename": "PricePerUnit"}, "__typename": "Price"}, "quantityDetails": {"maxAmount": 99, "minAmount": 1, "stepAmount": 1, "defaultAmount": 1, "__typename": "Quantity"}, "primaryBadge": [], "secondaryBadges": [], "badgeDescription": null, "customerAllergies": {"short": "", "__typename": "CustomerAllergies"}, "promotions": [], "surcharges": [], "__typename": "Product", "crossSells": [{"sku": "211863BAK", "__typename": "Product"}, {"sku": "376677STK", "__typename": "Product"}], "retailSetProducts": []}, {"id": "505005ZK", "brand": "HAK", "category": "Wereldkeukens, kruiden, pasta en rijst", "subtitle": "550 g", "title": "Hak Mexicanez Wraps 550g", "image": "https://retrieval.dam-lite.prod.aws.jumbo.com/fit-in/360x360/Products/27102023_1698375516549_1698375534039_505005_ZK_08720600621659_C1N1_s01.png", "inAssortment": true, "availability": {"availability": "AVAILABLE", "isAvailable": true, "label": null, "stockLimit": null, "__typename": "ProductAvailability"}, "sponsored": true, "auctionId": "0cb18e61-a242-4765-87b7-799dd12ca329-124", "link": "/producten/hak-mexicanez-wraps-550g-505005ZK", "retailSet": false, "prices": {"price": 381, "promoPrice": null, "pricePerUnit": {"price": 693, "unit": "kg", "__typename": "PricePerUnit"}, "__typename": "Price"}, "quantityDetails": {"maxAmount": 99, "minAmount": 1, "stepAmount": 1, "defaultAmount": 1, "__typename": "Quantity"}, "primaryBadge": [], "secondaryBadges": [], "badgeDescription": null, "customerAllergies": {"short": "", "__typename": "CustomerAllergies"}, "promotions": [{"id": "3797002-C-1", "group": "Seizoen", "isKiesAndMix": false, "image": "/INTERSHOP/static/WFS/Jumbo-Grocery-Site/-/Jumbo-Grocery/nl_NL/Images_Aanbiedingen/2023/Seizoensaanbiedingen/SA12/HAK_280px.png", "tags": [{"text": "2 voor \u20ac 3,50", "inverse": false, "__typename": "PromotionTag"}], "start": {"dayShort": "wo", "date": 8, "monthShort": "nov", "__typename": "PromotionDateTime"}, "end": {"dayShort": "di", "date": 5, "monthShort": "dec", "__typename": "PromotionDateTime"}, "attachments": [{"type": "PromotionGroup-Badge", "path": "/INTERSHOP/web/WFS/Jumbo-Grocery-Site/nl_NL/-/EUR/ViewPromotionAttachment-OpenFile?unitName=Jumbo&LocaleId=nl_NL&DirectoryPath=PromotionBadges&FileName=Seizoen.svg", "__typename": "PromotionAttachment"}], "primaryBadge": [{"alt": "PromotionGroup-Badge", "image": "/INTERSHOP/web/WFS/Jumbo-Grocery-Site/nl_NL/-/EUR/ViewPromotionAttachment-OpenFile?unitName=Jumbo&LocaleId=nl_NL&DirectoryPath=PromotionBadges&FileName=Seizoen.svg", "__typename": "PromotionBadge"}], "__typename": "Promotion"}], "surcharges": [], "__typename": "Product", "crossSells": [{"sku": "220626PAK", "__typename": "Product"}, {"sku": "562796ZK", "__typename": "Product"}, {"sku": "395036ZK", "__typename": "Product"}], "retailSetProducts": []}, {"id": "383173ZK", "brand": "JUMBO", "category": "Aardappelen, groente en fruit", "subtitle": "5 kg", "title": "Jumbo Aardappelen Kruimig Extra Groot 5kg", "image": "https://retrieval.dam-lite.prod.aws.jumbo.com/fit-in/360x360/Products/29092023_1695995100468_1695995106886_8718452499236_1.png", "inAssortment": true, "availability": {"availability": "AVAILABLE", "isAvailable": true, "label": null, "stockLimit": null, "__typename": "ProductAvailability"}, "sponsored": false, "auctionId": null, "link": "/producten/jumbo-aardappelen-kruimig-extra-groot-5kg-383173ZK", "retailSet": false, "prices": {"price": 499, "promoPrice": null, "pricePerUnit": {"price": 100, "unit": "kg", "__typename": "PricePerUnit"}, "__typename": "Price"}, "quantityDetails": {"maxAmount": 99, "minAmount": 1, "stepAmount": 1, "defaultAmount": 1, "__typename": "Quantity"}, "primaryBadge": [], "secondaryBadges": [{"alt": "Van dichtbij", "image": "/INTERSHOP/static/WFS/Jumbo-Site/Grocery/Jumbo-Grocery/nl_NL/PIMProductBadge/van-dichtbij.png", "__typename": "Badge"}], "badgeDescription": null, "customerAllergies": {"short": "", "__typename": "CustomerAllergies"}, "promotions": [], "surcharges": [], "__typename": "Product", "crossSells": [], "retailSetProducts": []}, {"id": "522656SC", "brand": "JUMBO", "category": "Aardappelen, groente en fruit", "subtitle": "400 G", "title": "Jumbo Snackgroente Tomaatjes Mix 400g", "image": "https://retrieval.dam-lite.prod.aws.jumbo.com/fit-in/360x360/Products/09082023_1691591218997_1691591263854_8718452687060_1.png", "inAssortment": true, "availability": {"availability": "AVAILABLE", "isAvailable": true, "label": null, "stockLimit": null, "__typename": "ProductAvailability"}, "sponsored": false, "auctionId": null, "link": "/producten/jumbo-snackgroente-tomaatjes-mix-400g-522656SC", "retailSet": false, "prices": {"price": 299, "promoPrice": null, "pricePerUnit": {"price": 748, "unit": "kg", "__typename": "PricePerUnit"}, "__typename": "Price"}, "quantityDetails": {"maxAmount": 99, "minAmount": 1, "stepAmount": 1, "defaultAmount": 1, "__typename": "Quantity"}, "primaryBadge": [], "secondaryBadges": [], "badgeDescription": null, "customerAllergies": {"short": "", "__typename": "CustomerAllergies"}, "promotions": [], "surcharges": [], "__typename": "Product", "crossSells": [], "retailSetProducts": []}, {"id": "532148ZK", "brand": "Dole\u00ae", "category": "Aardappelen, groente en fruit", "subtitle": null, "title": "Dole Bananen 5 Stuks", "image": "https://retrieval.dam-lite.prod.aws.jumbo.com/fit-in/360x360/Products/18092023_1695061234816_1695061241222_8718452709458_1.png", "inAssortment": true, "availability": {"availability": "AVAILABLE", "isAvailable": true, "label": null, "stockLimit": null, "__typename": "ProductAvailability"}, "sponsored": false, "auctionId": null, "link": "/producten/dole-bananen-5-stuks-532148ZK", "retailSet": false, "prices": {"price": 189, "promoPrice": null, "pricePerUnit": {"price": 189, "unit": "pieces", "__typename": "PricePerUnit"}, "__typename": "Price"}, "quantityDetails": {"maxAmount": 99, "minAmount": 1, "stepAmount": 1, "defaultAmount": 1, "__typename": "Quantity"}, "primaryBadge": [], "secondaryBadges": [], "badgeDescription": null, "customerAllergies": {"short": "", "__typename": "CustomerAllergies"}, "promotions": [], "surcharges": [], "__typename": "Product", "crossSells": [{"sku": "376677STK", "__typename": "Product"}], "retailSetProducts": []}, {"id": "306034ZK", "brand": "Jumbo", "category": "Aardappelen, groente en fruit", "subtitle": "1.5 KILO", "title": "Jumbo Elstar Appels Voordeelverpakking 1, 5kg", "image": "https://retrieval.dam-lite.prod.aws.jumbo.com/fit-in/360x360/Products/10082023_1691677392872_1691677395732_8711715881755_1.png", "inAssortment": true, "availability": {"availability": "AVAILABLE", "isAvailable": true, "label": null, "stockLimit": null, "__typename": "ProductAvailability"}, "sponsored": false, "auctionId": null, "link": "/producten/jumbo-elstar-appels-voordeelverpakking-1,5kg-306034ZK", "retailSet": false, "prices": {"price": 224, "promoPrice": null, "pricePerUnit": {"price": 149, "unit": "kg", "__typename": "PricePerUnit"}, "__typename": "Price"}, "quantityDetails": {"maxAmount": 99, "minAmount": 1, "stepAmount": 1, "defaultAmount": 1, "__typename": "Quantity"}, "primaryBadge": [], "secondaryBadges": [{"alt": "NIEUW", "image": "/INTERSHOP/static/WFS/Jumbo-Site/Grocery/Jumbo-Grocery/nl_NL/PIMProductBadge/nieuw.png", "__typename": "Badge"}, {"alt": "Van dichtbij", "image": "/INTERSHOP/static/WFS/Jumbo-Site/Grocery/Jumbo-Grocery/nl_NL/PIMProductBadge/van-dichtbij.png", "__typename": "Badge"}], "badgeDescription": null, "customerAllergies": {"short": "", "__typename": "CustomerAllergies"}, "promotions": [], "surcharges": [], "__typename": "Product", "crossSells": [], "retailSetProducts": []}, {"id": "380107ZK", "brand": "JUMBO", "category": "Aardappelen, groente en fruit", "subtitle": "5 kg", "title": "Jumbo Aardappelen Vastkokend 5kg", "image": "https://retrieval.dam-lite.prod.aws.jumbo.com/fit-in/360x360/Products/29092023_1695995100202_1695995106930_8718452499199_1.png", "inAssortment": true, "availability": {"availability": "AVAILABLE", "isAvailable": true, "label": null, "stockLimit": null, "__typename": "ProductAvailability"}, "sponsored": false, "auctionId": null, "link": "/producten/jumbo-aardappelen-vastkokend-5kg-380107ZK", "retailSet": false, "prices": {"price": 499, "promoPrice": null, "pricePerUnit": {"price": 100, "unit": "kg", "__typename": "PricePerUnit"}, "__typename": "Price"}, "quantityDetails": {"maxAmount": 99, "minAmount": 1, "stepAmount": 1, "defaultAmount": 1, "__typename": "Quantity"}, "primaryBadge": [], "secondaryBadges": [], "badgeDescription": null, "customerAllergies": {"short": "", "__typename": "CustomerAllergies"}, "promotions": [], "surcharges": [], "__typename": "Product", "crossSells": [], "retailSetProducts": []}, {"id": "306020BAK", "brand": "Jumbo", "category": "Aardappelen, groente en fruit", "subtitle": "500 G", "title": "Jumbo Druiven Rood/Blauw Pitloos 500g", "image": "https://retrieval.dam-lite.prod.aws.jumbo.com/fit-in/360x360/Products/18092023_1695031433956_1695031441611_8711715881922_1.png", "inAssortment": true, "availability": {"availability": "AVAILABLE", "isAvailable": true, "label": null, "stockLimit": null, "__typename": "ProductAvailability"}, "sponsored": false, "auctionId": null, "link": "/producten/jumbo-druiven-roodblauw-pitloos-500g-306020BAK", "retailSet": false, "prices": {"price": 269, "promoPrice": null, "pricePerUnit": {"price": 538, "unit": "kg", "__typename": "PricePerUnit"}, "__typename": "Price"}, "quantityDetails": {"maxAmount": 99, "minAmount": 1, "stepAmount": 1, "defaultAmount": 1, "__typename": "Quantity"}, "primaryBadge": [], "secondaryBadges": [], "badgeDescription": null, "customerAllergies": {"short": "", "__typename": "CustomerAllergies"}, "promotions": [], "surcharges": [], "__typename": "Product", "crossSells": [{"sku": "211863BAK", "__typename": "Product"}, {"sku": "306034ZK", "__typename": "Product"}, {"sku": "40589NET", "__typename": "Product"}], "retailSetProducts": []}, {"id": "306009BAK", "brand": "Jumbo", "category": "Aardappelen, groente en fruit", "subtitle": "500 G", "title": "Jumbo Druiven Wit Pitloos 500g", "image": "https://retrieval.dam-lite.prod.aws.jumbo.com/fit-in/360x360/Products/18092023_1695058491114_1695058498827_8711715881939_1.png", "inAssortment": true, "availability": {"availability": "AVAILABLE", "isAvailable": true, "label": null, "stockLimit": null, "__typename": "ProductAvailability"}, "sponsored": false, "auctionId": null, "link": "/producten/jumbo-druiven-wit-pitloos-500g-306009BAK", "retailSet": false, "prices": {"price": 269, "promoPrice": null, "pricePerUnit": {"price": 538, "unit": "kg", "__typename": "PricePerUnit"}, "__typename": "Price"}, "quantityDetails": {"maxAmount": 99, "minAmount": 1, "stepAmount": 1, "defaultAmount": 1, "__typename": "Quantity"}, "primaryBadge": [], "secondaryBadges": [], "badgeDescription": null, "customerAllergies": {"short": "", "__typename": "CustomerAllergies"}, "promotions": [{"id": "3798024-C-1", "group": "Seizoen", "isKiesAndMix": true, "image": "/INTERSHOP/static/WFS/Jumbo-Grocery-Site/-/Jumbo-Grocery/nl_NL/Images_Aanbiedingen/2023/Seizoensaanbiedingen/SA12/Kies%20en%20Mix%20Fruit_280px.png", "tags": [{"text": "2 voor \u20ac 4,00", "inverse": false, "__typename": "PromotionTag"}], "start": {"dayShort": "wo", "date": 8, "monthShort": "nov", "__typename": "PromotionDateTime"}, "end": {"dayShort": "di", "date": 5, "monthShort": "dec", "__typename": "PromotionDateTime"}, "attachments": [{"type": "CustomBadge", "path": "/INTERSHOP/web/WFS/Jumbo-Grocery-Site/nl_NL/-/EUR/ViewPromotionAttachment-OpenFile?LocaleId=nl_NL&DirectoryPath=0003-Kies%26Mix&FileName=Kies_mix_nieuw.png&UnitName=Jumbo-Grocery", "__typename": "PromotionAttachment"}, {"type": "PromotionGroup-Badge", "path": "/INTERSHOP/web/WFS/Jumbo-Grocery-Site/nl_NL/-/EUR/ViewPromotionAttachment-OpenFile?unitName=Jumbo&LocaleId=nl_NL&DirectoryPath=PromotionBadges&FileName=Seizoen.svg", "__typename": "PromotionAttachment"}], "primaryBadge": [{"alt": "CustomBadge", "image": "/INTERSHOP/web/WFS/Jumbo-Grocery-Site/nl_NL/-/EUR/ViewPromotionAttachment-OpenFile?LocaleId=nl_NL&DirectoryPath=0003-Kies%26Mix&FileName=Kies_mix_nieuw.png&UnitName=Jumbo-Grocery", "__typename": "PromotionBadge"}, {"alt": "PromotionGroup-Badge", "image": "/INTERSHOP/web/WFS/Jumbo-Grocery-Site/nl_NL/-/EUR/ViewPromotionAttachment-OpenFile?unitName=Jumbo&LocaleId=nl_NL&DirectoryPath=PromotionBadges&FileName=Seizoen.svg", "__typename": "PromotionBadge"}], "__typename": "Promotion"}], "surcharges": [], "__typename": "Product", "crossSells": [], "retailSetProducts": []}, {"id": "522657SC", "brand": "JUMBO", "category": "Aardappelen, groente en fruit", "subtitle": "400 G", "title": "Jumbo Snackgroente Komkommertjes 400g", "image": "https://retrieval.dam-lite.prod.aws.jumbo.com/fit-in/360x360/Products/10082023_1691677711401_1691677715830_8718452687077_1.png", "inAssortment": true, "availability": {"availability": "AVAILABLE", "isAvailable": true, "label": null, "stockLimit": null, "__typename": "ProductAvailability"}, "sponsored": false, "auctionId": null, "link": "/producten/jumbo-snackgroente-komkommertjes-400g-522657SC", "retailSet": false, "prices": {"price": 299, "promoPrice": null, "pricePerUnit": {"price": 748, "unit": "kg", "__typename": "PricePerUnit"}, "__typename": "Price"}, "quantityDetails": {"maxAmount": 99, "minAmount": 1, "stepAmount": 1, "defaultAmount": 1, "__typename": "Quantity"}, "primaryBadge": [], "secondaryBadges": [], "badgeDescription": null, "customerAllergies": {"short": "", "__typename": "CustomerAllergies"}, "promotions": [], "surcharges": [], "__typename": "Product", "crossSells": [], "retailSetProducts": []}, {"id": "206721BAK", "brand": "Zespri", "category": "Aardappelen, groente en fruit", "subtitle": "6 stuks", "title": "Zespri Sun Gold Kiwifruit 6 Stuks", "image": "https://retrieval.dam-lite.prod.aws.jumbo.com/fit-in/360x360/Products/18092023_1695029319052_1695029327699_8713702099204_1.png", "inAssortment": true, "availability": {"availability": "AVAILABLE", "isAvailable": true, "label": null, "stockLimit": null, "__typename": "ProductAvailability"}, "sponsored": false, "auctionId": null, "link": "/producten/zespri-sun-gold-kiwifruit-6-stuks-206721BAK", "retailSet": false, "prices": {"price": 508, "promoPrice": null, "pricePerUnit": {"price": 85, "unit": "pieces", "__typename": "PricePerUnit"}, "__typename": "Price"}, "quantityDetails": {"maxAmount": 99, "minAmount": 1, "stepAmount": 1, "defaultAmount": 1, "__typename": "Quantity"}, "primaryBadge": [], "secondaryBadges": [], "badgeDescription": null, "customerAllergies": {"short": "", "__typename": "CustomerAllergies"}, "promotions": [], "surcharges": [], "__typename": "Product", "crossSells": [{"sku": "232763STK", "__typename": "Product"}, {"sku": "376677STK", "__typename": "Product"}, {"sku": "306029DS", "__typename": "Product"}], "retailSetProducts": []}, {"id": "376677STK", "brand": "Jumbo", "category": "Aardappelen, groente en fruit", "subtitle": "1 KILO", "title": "Jumbo Conference 1kg", "image": "https://retrieval.dam-lite.prod.aws.jumbo.com/fit-in/360x360/Products/09082023_1691586974866_1691586985642_8718452490479_1.png", "inAssortment": true, "availability": {"availability": "AVAILABLE", "isAvailable": true, "label": null, "stockLimit": null, "__typename": "ProductAvailability"}, "sponsored": false, "auctionId": null, "link": "/producten/jumbo-conference-1kg-376677STK", "retailSet": false, "prices": {"price": 251, "promoPrice": null, "pricePerUnit": {"price": 251, "unit": "kg", "__typename": "PricePerUnit"}, "__typename": "Price"}, "quantityDetails": {"maxAmount": 99, "minAmount": 1, "stepAmount": 1, "defaultAmount": 1, "__typename": "Quantity"}, "primaryBadge": [], "secondaryBadges": [{"alt": "NIEUW", "image": "/INTERSHOP/static/WFS/Jumbo-Site/Grocery/Jumbo-Grocery/nl_NL/PIMProductBadge/nieuw.png", "__typename": "Badge"}, {"alt": "Van dichtbij", "image": "/INTERSHOP/static/WFS/Jumbo-Site/Grocery/Jumbo-Grocery/nl_NL/PIMProductBadge/van-dichtbij.png", "__typename": "Badge"}], "badgeDescription": null, "customerAllergies": {"short": "", "__typename": "CustomerAllergies"}, "promotions": [], "surcharges": [], "__typename": "Product", "crossSells": [], "retailSetProducts": []}, {"id": "302249STK", "brand": "Jumbo", "category": "Aardappelen, groente en fruit", "subtitle": null, "title": "Jumbo Bloemkool 4 Personen", "image": "https://retrieval.dam-lite.prod.aws.jumbo.com/fit-in/360x360/Products/18092023_1695027357406_1695027365257_25003697_1.png", "inAssortment": true, "availability": {"availability": "AVAILABLE", "isAvailable": true, "label": null, "stockLimit": null, "__typename": "ProductAvailability"}, "sponsored": false, "auctionId": null, "link": "/producten/jumbo-bloemkool-4-personen-302249STK", "retailSet": false, "prices": {"price": 184, "promoPrice": null, "pricePerUnit": {"price": 184, "unit": "pieces", "__typename": "PricePerUnit"}, "__typename": "Price"}, "quantityDetails": {"maxAmount": 99, "minAmount": 1, "stepAmount": 1, "defaultAmount": 1, "__typename": "Quantity"}, "primaryBadge": [], "secondaryBadges": [{"alt": "Van dichtbij", "image": "/INTERSHOP/static/WFS/Jumbo-Site/Grocery/Jumbo-Grocery/nl_NL/PIMProductBadge/van-dichtbij.png", "__typename": "Badge"}], "badgeDescription": null, "customerAllergies": {"short": "", "__typename": "CustomerAllergies"}, "promotions": [], "surcharges": [], "__typename": "Product", "crossSells": [], "retailSetProducts": []}, {"id": "522578SC", "brand": "JUMBO", "category": "Aardappelen, groente en fruit", "subtitle": "500 G", "title": "Jumbo Snackgroente Tomaatjes 500g", "image": "https://retrieval.dam-lite.prod.aws.jumbo.com/fit-in/360x360/Products/09082023_1691591028486_1691591086020_8718452687046_1.png", "inAssortment": true, "availability": {"availability": "AVAILABLE", "isAvailable": true, "label": null, "stockLimit": null, "__typename": "ProductAvailability"}, "sponsored": false, "auctionId": null, "link": "/producten/jumbo-snackgroente-tomaatjes-500g-522578SC", "retailSet": false, "prices": {"price": 309, "promoPrice": null, "pricePerUnit": {"price": 618, "unit": "kg", "__typename": "PricePerUnit"}, "__typename": "Price"}, "quantityDetails": {"maxAmount": 99, "minAmount": 1, "stepAmount": 1, "defaultAmount": 1, "__typename": "Quantity"}, "primaryBadge": [], "secondaryBadges": [], "badgeDescription": null, "customerAllergies": {"short": "", "__typename": "CustomerAllergies"}, "promotions": [], "surcharges": [], "__typename": "Product", "crossSells": [], "retailSetProducts": []}, {"id": "383175ZK", "brand": "JUMBO", "category": "Aardappelen, groente en fruit", "subtitle": "3 kg", "title": "Jumbo Aardappelen Kruimig 3kg", "image": "https://retrieval.dam-lite.prod.aws.jumbo.com/fit-in/360x360/Products/29092023_1695995272340_1695995278172_8718452499243_1.png", "inAssortment": true, "availability": {"availability": "AVAILABLE", "isAvailable": true, "label": null, "stockLimit": null, "__typename": "ProductAvailability"}, "sponsored": false, "auctionId": null, "link": "/producten/jumbo-aardappelen-kruimig-3kg-383175ZK", "retailSet": false, "prices": {"price": 436, "promoPrice": null, "pricePerUnit": {"price": 145, "unit": "kg", "__typename": "PricePerUnit"}, "__typename": "Price"}, "quantityDetails": {"maxAmount": 99, "minAmount": 1, "stepAmount": 1, "defaultAmount": 1, "__typename": "Quantity"}, "primaryBadge": [], "secondaryBadges": [{"alt": "Van dichtbij", "image": "/INTERSHOP/static/WFS/Jumbo-Site/Grocery/Jumbo-Grocery/nl_NL/PIMProductBadge/van-dichtbij.png", "__typename": "Badge"}], "badgeDescription": null, "customerAllergies": {"short": "", "__typename": "CustomerAllergies"}, "promotions": [], "surcharges": [], "__typename": "Product", "crossSells": [], "retailSetProducts": []}, {"id": "302252ZK", "brand": "Jumbo", "category": "Aardappelen, groente en fruit", "subtitle": "500 G", "title": "Jumbo Sperziebonen 500g", "image": "https://retrieval.dam-lite.prod.aws.jumbo.com/fit-in/360x360/Products/18092023_1695031670249_1695031680461_8718452298525_1.png", "inAssortment": true, "availability": {"availability": "AVAILABLE", "isAvailable": true, "label": null, "stockLimit": null, "__typename": "ProductAvailability"}, "sponsored": false, "auctionId": null, "link": "/producten/jumbo-sperziebonen-500g-302252ZK", "retailSet": false, "prices": {"price": 229, "promoPrice": null, "pricePerUnit": {"price": 458, "unit": "kg", "__typename": "PricePerUnit"}, "__typename": "Price"}, "quantityDetails": {"maxAmount": 99, "minAmount": 1, "stepAmount": 1, "defaultAmount": 1, "__typename": "Quantity"}, "primaryBadge": [], "secondaryBadges": [], "badgeDescription": null, "customerAllergies": {"short": "", "__typename": "CustomerAllergies"}, "promotions": [], "surcharges": [], "__typename": "Product", "crossSells": [], "retailSetProducts": []}, {"id": "302241PAK", "brand": "JUMBO", "category": "Aardappelen, groente en fruit", "subtitle": "3 stuks", "title": "JUMBO Paprika Mix 3 Stuks", "image": "https://retrieval.dam-lite.prod.aws.jumbo.com/fit-in/360x360/Products/29092023_1695994872422_1695994874674_8711715882431_1.png", "inAssortment": true, "availability": {"availability": "AVAILABLE", "isAvailable": true, "label": null, "stockLimit": null, "__typename": "ProductAvailability"}, "sponsored": false, "auctionId": null, "link": "/producten/jumbo-paprika-mix-3-stuks-302241PAK", "retailSet": false, "prices": {"price": 193, "promoPrice": null, "pricePerUnit": {"price": 64, "unit": "pieces", "__typename": "PricePerUnit"}, "__typename": "Price"}, "quantityDetails": {"maxAmount": 99, "minAmount": 1, "stepAmount": 1, "defaultAmount": 1, "__typename": "Quantity"}, "primaryBadge": [], "secondaryBadges": [], "badgeDescription": null, "customerAllergies": {"short": "", "__typename": "CustomerAllergies"}, "promotions": [], "surcharges": [], "__typename": "Product", "crossSells": [], "retailSetProducts": []}, {"id": "479521STK", "brand": "Jumbo", "category": "Aardappelen, groente en fruit", "subtitle": null, "title": "Jumbo Broccoli 2 Personen - 500g", "image": "https://retrieval.dam-lite.prod.aws.jumbo.com/fit-in/360x360/Products/479521_8718452633531_1_T1_479521STK1691074514700.png", "inAssortment": true, "availability": {"availability": "TEMPORARILY_UNAVAILABLE", "isAvailable": false, "label": "Niet leverbaar", "stockLimit": null, "__typename": "ProductAvailability"}, "sponsored": false, "auctionId": null, "link": "/producten/jumbo-broccoli-2-personen-500g-479521STK", "retailSet": false, "prices": {"price": 149, "promoPrice": null, "pricePerUnit": {"price": 298, "unit": "kg", "__typename": "PricePerUnit"}, "__typename": "Price"}, "quantityDetails": {"maxAmount": 99, "minAmount": 1, "stepAmount": 1, "defaultAmount": 1, "__typename": "Quantity"}, "primaryBadge": [], "secondaryBadges": [], "badgeDescription": null, "customerAllergies": {"short": "", "__typename": "CustomerAllergies"}, "promotions": [], "surcharges": [], "__typename": "Product", "crossSells": [], "retailSetProducts": []}, {"id": "330479BAK", "brand": "JUMBO", "category": "Aardappelen, groente en fruit", "subtitle": "500 G", "title": "Jumbo Blauwe Bessen 500g", "image": "https://retrieval.dam-lite.prod.aws.jumbo.com/fit-in/360x360/Products/29092023_1695995259673_1695995263683_8718452170197_1.png", "inAssortment": true, "availability": {"availability": "AVAILABLE", "isAvailable": true, "label": null, "stockLimit": null, "__typename": "ProductAvailability"}, "sponsored": false, "auctionId": null, "link": "/producten/jumbo-blauwe-bessen-500g-330479BAK", "retailSet": false, "prices": {"price": 769, "promoPrice": null, "pricePerUnit": {"price": 1538, "unit": "kg", "__typename": "PricePerUnit"}, "__typename": "Price"}, "quantityDetails": {"maxAmount": 99, "minAmount": 1, "stepAmount": 1, "defaultAmount": 1, "__typename": "Quantity"}, "primaryBadge": [], "secondaryBadges": [], "badgeDescription": null, "customerAllergies": {"short": "", "__typename": "CustomerAllergies"}, "promotions": [], "surcharges": [], "__typename": "Product", "crossSells": [], "retailSetProducts": []}, {"id": "169209STK", "brand": "JUMBO", "category": "Aardappelen, groente en fruit", "subtitle": "500 G", "title": "Jumbo Witlof 2-3 Personen - 500g", "image": "https://retrieval.dam-lite.prod.aws.jumbo.com/fit-in/360x360/Products/18092023_1695043433347_1695043449008_8718452456840_1.png", "inAssortment": true, "availability": {"availability": "AVAILABLE", "isAvailable": true, "label": null, "stockLimit": null, "__typename": "ProductAvailability"}, "sponsored": false, "auctionId": null, "link": "/producten/jumbo-witlof-2-3-personen-500g-169209STK", "retailSet": false, "prices": {"price": 169, "promoPrice": null, "pricePerUnit": {"price": 338, "unit": "kg", "__typename": "PricePerUnit"}, "__typename": "Price"}, "quantityDetails": {"maxAmount": 99, "minAmount": 1, "stepAmount": 1, "defaultAmount": 1, "__typename": "Quantity"}, "primaryBadge": [], "secondaryBadges": [{"alt": "Van dichtbij", "image": "/INTERSHOP/static/WFS/Jumbo-Site/Grocery/Jumbo-Grocery/nl_NL/PIMProductBadge/van-dichtbij.png", "__typename": "Badge"}], "badgeDescription": null, "customerAllergies": {"short": "", "__typename": "CustomerAllergies"}, "promotions": [], "surcharges": [], "__typename": "Product", "crossSells": [], "retailSetProducts": []}, {"id": "380106ZK", "brand": "JUMBO", "category": "Aardappelen, groente en fruit", "subtitle": "3 kg", "title": "Jumbo Aardappelen Vastkokend 3kg", "image": "https://retrieval.dam-lite.prod.aws.jumbo.com/fit-in/360x360/Products/29092023_1695995271273_1695995277935_8718452499182_1.png", "inAssortment": true, "availability": {"availability": "AVAILABLE", "isAvailable": true, "label": null, "stockLimit": null, "__typename": "ProductAvailability"}, "sponsored": false, "auctionId": null, "link": "/producten/jumbo-aardappelen-vastkokend-3kg-380106ZK", "retailSet": false, "prices": {"price": 436, "promoPrice": null, "pricePerUnit": {"price": 145, "unit": "kg", "__typename": "PricePerUnit"}, "__typename": "Price"}, "quantityDetails": {"maxAmount": 99, "minAmount": 1, "stepAmount": 1, "defaultAmount": 1, "__typename": "Quantity"}, "primaryBadge": [], "secondaryBadges": [], "badgeDescription": null, "customerAllergies": {"short": "", "__typename": "CustomerAllergies"}, "promotions": [], "surcharges": [], "__typename": "Product", "crossSells": [], "retailSetProducts": []}, {"id": "383444ZK", "brand": "JUMBO", "category": "Aardappelen, groente en fruit", "subtitle": "1 kg", "title": "Jumbo Aardappelen Kruimig 1kg", "image": "https://retrieval.dam-lite.prod.aws.jumbo.com/fit-in/360x360/Products/29092023_1695995100520_1695995116778_8718452499205_1.png", "inAssortment": true, "availability": {"availability": "AVAILABLE", "isAvailable": true, "label": null, "stockLimit": null, "__typename": "ProductAvailability"}, "sponsored": false, "auctionId": null, "link": "/producten/jumbo-aardappelen-kruimig-1kg-383444ZK", "retailSet": false, "prices": {"price": 199, "promoPrice": null, "pricePerUnit": {"price": 199, "unit": "kg", "__typename": "PricePerUnit"}, "__typename": "Price"}, "quantityDetails": {"maxAmount": 99, "minAmount": 1, "stepAmount": 1, "defaultAmount": 1, "__typename": "Quantity"}, "primaryBadge": [], "secondaryBadges": [{"alt": "Van dichtbij", "image": "/INTERSHOP/static/WFS/Jumbo-Site/Grocery/Jumbo-Grocery/nl_NL/PIMProductBadge/van-dichtbij.png", "__typename": "Badge"}], "badgeDescription": null, "customerAllergies": {"short": "", "__typename": "CustomerAllergies"}, "promotions": [], "surcharges": [], "__typename": "Product", "crossSells": [], "retailSetProducts": []}, {"id": "577375DS", "brand": "Eurosalad", "category": "Aardappelen, groente en fruit", "subtitle": "200 gram", "title": "Eurosalad Waldorf Salade 200g", "image": "https://retrieval.dam-lite.prod.aws.jumbo.com/fit-in/360x360/Products/09082023_1691586885345_1691586901451_8718481863053_1.png", "inAssortment": true, "availability": {"availability": "AVAILABLE", "isAvailable": true, "label": null, "stockLimit": null, "__typename": "ProductAvailability"}, "sponsored": false, "auctionId": null, "link": "/producten/eurosalad-waldorf-salade-200g-577375DS", "retailSet": false, "prices": {"price": 299, "promoPrice": null, "pricePerUnit": {"price": 1495, "unit": "kg", "__typename": "PricePerUnit"}, "__typename": "Price"}, "quantityDetails": {"maxAmount": 99, "minAmount": 1, "stepAmount": 1, "defaultAmount": 1, "__typename": "Quantity"}, "primaryBadge": [], "secondaryBadges": [{"alt": "THT logo", "image": "/INTERSHOP/static/WFS/Jumbo-Site/Grocery/Jumbo-Grocery/nl_NL/PIMProductBadge/tht-1+.png", "__typename": "Badge"}], "badgeDescription": "1+ dagen houdbaar", "customerAllergies": {"short": "", "__typename": "CustomerAllergies"}, "promotions": [], "surcharges": [], "__typename": "Product", "crossSells": [], "retailSetProducts": []}, {"id": "304661BAK", "brand": "JUMBO", "category": "Aardappelen, groente en fruit", "subtitle": "400 g", "title": "Jumbo Champignons Voordeelverpakking 400g", "image": "https://retrieval.dam-lite.prod.aws.jumbo.com/fit-in/360x360/Products/29092023_1695996129860_1695996141161_8718452601240_1.png", "inAssortment": true, "availability": {"availability": "AVAILABLE", "isAvailable": true, "label": null, "stockLimit": null, "__typename": "ProductAvailability"}, "sponsored": false, "auctionId": null, "link": "/producten/jumbo-champignons-voordeelverpakking-400g-304661BAK", "retailSet": false, "prices": {"price": 198, "promoPrice": null, "pricePerUnit": {"price": 495, "unit": "kg", "__typename": "PricePerUnit"}, "__typename": "Price"}, "quantityDetails": {"maxAmount": 99, "minAmount": 1, "stepAmount": 1, "defaultAmount": 1, "__typename": "Quantity"}, "primaryBadge": [], "secondaryBadges": [{"alt": "Van dichtbij", "image": "/INTERSHOP/static/WFS/Jumbo-Site/Grocery/Jumbo-Grocery/nl_NL/PIMProductBadge/van-dichtbij.png", "__typename": "Badge"}, {"alt": "THT logo", "image": "/INTERSHOP/static/WFS/Jumbo-Site/Grocery/Jumbo-Grocery/nl_NL/PIMProductBadge/tht-2+.png", "__typename": "Badge"}], "badgeDescription": "2+ dagen houdbaar", "customerAllergies": {"short": "", "__typename": "CustomerAllergies"}, "promotions": [], "surcharges": [], "__typename": "Product", "crossSells": [], "retailSetProducts": []}, {"id": "191720ZK", "brand": "Jumbo", "category": "Conserven, soepen, sauzen, oli\u00ebn", "subtitle": "400 g", "title": "Jumbo Gedroogde Rode Kidneybonen 400g", "image": "https://retrieval.dam-lite.prod.aws.jumbo.com/fit-in/360x360/Products/09082023_1691584439553_1691584459006_8718452252596_1.png", "inAssortment": true, "availability": {"availability": "AVAILABLE", "isAvailable": true, "label": null, "stockLimit": null, "__typename": "ProductAvailability"}, "sponsored": false, "auctionId": null, "link": "/producten/jumbo-gedroogde-rode-kidneybonen-400g-191720ZK", "retailSet": false, "prices": {"price": 209, "promoPrice": null, "pricePerUnit": {"price": 523, "unit": "kg", "__typename": "PricePerUnit"}, "__typename": "Price"}, "quantityDetails": {"maxAmount": 99, "minAmount": 1, "stepAmount": 1, "defaultAmount": 1, "__typename": "Quantity"}, "primaryBadge": [], "secondaryBadges": [], "badgeDescription": null, "customerAllergies": {"short": "", "__typename": "CustomerAllergies"}, "promotions": [], "surcharges": [], "__typename": "Product", "crossSells": [], "retailSetProducts": []}, {"id": "40589NET", "brand": "Jumbo", "category": "Aardappelen, groente en fruit", "subtitle": "2 KG", "title": "Jumbo Handsinaasappelen 2kg", "image": "https://retrieval.dam-lite.prod.aws.jumbo.com/fit-in/360x360/Products/10082023_1691674955009_1691674996952_8711715881854_1.png", "inAssortment": true, "availability": {"availability": "AVAILABLE", "isAvailable": true, "label": null, "stockLimit": null, "__typename": "ProductAvailability"}, "sponsored": false, "auctionId": null, "link": "/producten/jumbo-handsinaasappelen-2kg-40589NET", "retailSet": false, "prices": {"price": 329, "promoPrice": null, "pricePerUnit": {"price": 165, "unit": "kg", "__typename": "PricePerUnit"}, "__typename": "Price"}, "quantityDetails": {"maxAmount": 99, "minAmount": 1, "stepAmount": 1, "defaultAmount": 1, "__typename": "Quantity"}, "primaryBadge": [], "secondaryBadges": [], "badgeDescription": null, "customerAllergies": {"short": "", "__typename": "CustomerAllergies"}, "promotions": [], "surcharges": [], "__typename": "Product", "crossSells": [{"sku": "155557BAK", "__typename": "Product"}, {"sku": "306034ZK", "__typename": "Product"}, {"sku": "306033ZK", "__typename": "Product"}], "retailSetProducts": []}, {"id": "531747FLS", "brand": "JUMBO", "category": "Frisdrank en sappen", "subtitle": "500 ml", "title": "Jumbo Vers Sap Appel, Peer & Rood Fruit 500ML", "image": "https://retrieval.dam-lite.prod.aws.jumbo.com/fit-in/360x360/Products/531747_8718452668953_1_T1_466677FLS1691078585612.png", "inAssortment": true, "availability": {"availability": "AVAILABLE", "isAvailable": true, "label": null, "stockLimit": null, "__typename": "ProductAvailability"}, "sponsored": false, "auctionId": null, "link": "/producten/jumbo-vers-sap-appel-peer-rood-fruit-500ml-531747FLS", "retailSet": false, "prices": {"price": 229, "promoPrice": null, "pricePerUnit": {"price": 458, "unit": "l", "__typename": "PricePerUnit"}, "__typename": "Price"}, "quantityDetails": {"maxAmount": 99, "minAmount": 1, "stepAmount": 1, "defaultAmount": 1, "__typename": "Quantity"}, "primaryBadge": [], "secondaryBadges": [{"alt": "THT logo", "image": "/INTERSHOP/static/WFS/Jumbo-Site/Grocery/Jumbo-Grocery/nl_NL/PIMProductBadge/tht-10+.png", "__typename": "Badge"}], "badgeDescription": "10+ dagen houdbaar", "customerAllergies": {"short": "", "__typename": "CustomerAllergies"}, "promotions": [], "surcharges": [], "__typename": "Product", "crossSells": [], "retailSetProducts": []}, {"id": "302231STK", "brand": "JUMBO", "category": "Aardappelen, groente en fruit", "subtitle": "5 stuks", "title": "Jumbo Tros Tomaten 5 Stuks", "image": "https://retrieval.dam-lite.prod.aws.jumbo.com/fit-in/360x360/Products/18092023_1695043474150_1695043481005_8718452459599_1.png", "inAssortment": true, "availability": {"availability": "AVAILABLE", "isAvailable": true, "label": null, "stockLimit": null, "__typename": "ProductAvailability"}, "sponsored": false, "auctionId": null, "link": "/producten/jumbo-tros-tomaten-5-stuks-302231STK", "retailSet": false, "prices": {"price": 279, "promoPrice": null, "pricePerUnit": {"price": 56, "unit": "pieces", "__typename": "PricePerUnit"}, "__typename": "Price"}, "quantityDetails": {"maxAmount": 99, "minAmount": 1, "stepAmount": 1, "defaultAmount": 1, "__typename": "Quantity"}, "primaryBadge": [], "secondaryBadges": [{"alt": "Van dichtbij", "image": "/INTERSHOP/static/WFS/Jumbo-Site/Grocery/Jumbo-Grocery/nl_NL/PIMProductBadge/van-dichtbij.png", "__typename": "Badge"}], "badgeDescription": null, "customerAllergies": {"short": "", "__typename": "CustomerAllergies"}, "promotions": [{"id": "3798025-C-1", "group": "Seizoen", "isKiesAndMix": true, "image": "/INTERSHOP/static/WFS/Jumbo-Grocery-Site/-/Jumbo-Grocery/nl_NL/Images_Aanbiedingen/2023/Seizoensaanbiedingen/SA12/Kies%20en%20Mix%20Groente_280px.png", "tags": [{"text": "2 voor \u20ac 4,00", "inverse": false, "__typename": "PromotionTag"}], "start": {"dayShort": "wo", "date": 8, "monthShort": "nov", "__typename": "PromotionDateTime"}, "end": {"dayShort": "di", "date": 5, "monthShort": "dec", "__typename": "PromotionDateTime"}, "attachments": [{"type": "CustomBadge", "path": "/INTERSHOP/web/WFS/Jumbo-Grocery-Site/nl_NL/-/EUR/ViewPromotionAttachment-OpenFile?LocaleId=nl_NL&DirectoryPath=0003-Kies%26Mix&FileName=Kies_mix_nieuw.png&UnitName=Jumbo-Grocery", "__typename": "PromotionAttachment"}, {"type": "PromotionGroup-Badge", "path": "/INTERSHOP/web/WFS/Jumbo-Grocery-Site/nl_NL/-/EUR/ViewPromotionAttachment-OpenFile?unitName=Jumbo&LocaleId=nl_NL&DirectoryPath=PromotionBadges&FileName=Seizoen.svg", "__typename": "PromotionAttachment"}], "primaryBadge": [{"alt": "CustomBadge", "image": "/INTERSHOP/web/WFS/Jumbo-Grocery-Site/nl_NL/-/EUR/ViewPromotionAttachment-OpenFile?LocaleId=nl_NL&DirectoryPath=0003-Kies%26Mix&FileName=Kies_mix_nieuw.png&UnitName=Jumbo-Grocery", "__typename": "PromotionBadge"}, {"alt": "PromotionGroup-Badge", "image": "/INTERSHOP/web/WFS/Jumbo-Grocery-Site/nl_NL/-/EUR/ViewPromotionAttachment-OpenFile?unitName=Jumbo&LocaleId=nl_NL&DirectoryPath=PromotionBadges&FileName=Seizoen.svg", "__typename": "PromotionBadge"}], "__typename": "Promotion"}], "surcharges": [], "__typename": "Product", "crossSells": [], "retailSetProducts": []}, {"id": "302238STK", "brand": "JUMBO", "category": "Aardappelen, groente en fruit", "subtitle": null, "title": "Jumbo Komkommer", "image": "https://retrieval.dam-lite.prod.aws.jumbo.com/fit-in/360x360/Products/29092023_1695994872224_1695994874445_8711715882257_1.png", "inAssortment": true, "availability": {"availability": "AVAILABLE", "isAvailable": true, "label": null, "stockLimit": null, "__typename": "ProductAvailability"}, "sponsored": false, "auctionId": null, "link": "/producten/jumbo-komkommer-302238STK", "retailSet": false, "prices": {"price": 115, "promoPrice": null, "pricePerUnit": {"price": 115, "unit": "pieces", "__typename": "PricePerUnit"}, "__typename": "Price"}, "quantityDetails": {"maxAmount": 99, "minAmount": 1, "stepAmount": 1, "defaultAmount": 1, "__typename": "Quantity"}, "primaryBadge": [], "secondaryBadges": [], "badgeDescription": null, "customerAllergies": {"short": "", "__typename": "CustomerAllergies"}, "promotions": [], "surcharges": [], "__typename": "Product", "crossSells": [], "retailSetProducts": []}, {"id": "232763STK", "brand": "Jumbo", "category": "Aardappelen, groente en fruit", "subtitle": null, "title": "Jumbo Mango", "image": "https://retrieval.dam-lite.prod.aws.jumbo.com/fit-in/360x360/Products/27092023_1695807249365_1695807258162_25003048_1.png", "inAssortment": true, "availability": {"availability": "AVAILABLE", "isAvailable": true, "label": null, "stockLimit": null, "__typename": "ProductAvailability"}, "sponsored": false, "auctionId": null, "link": "/producten/jumbo-mango-232763STK", "retailSet": false, "prices": {"price": 199, "promoPrice": null, "pricePerUnit": {"price": 199, "unit": "pieces", "__typename": "PricePerUnit"}, "__typename": "Price"}, "quantityDetails": {"maxAmount": 99, "minAmount": 1, "stepAmount": 1, "defaultAmount": 1, "__typename": "Quantity"}, "primaryBadge": [], "secondaryBadges": [], "badgeDescription": null, "customerAllergies": {"short": "", "__typename": "CustomerAllergies"}, "promotions": [], "surcharges": [], "__typename": "Product", "crossSells": [{"sku": "211863BAK", "__typename": "Product"}, {"sku": "37091STK", "__typename": "Product"}, {"sku": "330479BAK", "__typename": "Product"}], "retailSetProducts": []}, {"id": "531829FLS", "brand": "Jumbo", "category": "Frisdrank en sappen", "subtitle": "250 ml", "title": "Jumbo Vers Sap Chia, Mango, Passievrucht, Banaan & Appel 250ML", "image": "https://retrieval.dam-lite.prod.aws.jumbo.com/fit-in/360x360/Products/531829_8718452668762_1_T1_213218FLS1691078092458.png", "inAssortment": true, "availability": {"availability": "AVAILABLE", "isAvailable": true, "label": null, "stockLimit": null, "__typename": "ProductAvailability"}, "sponsored": false, "auctionId": null, "link": "/producten/jumbo-vers-sap-chia-mango-passievrucht-banaan-appel-250ml-531829FLS", "retailSet": false, "prices": {"price": 189, "promoPrice": null, "pricePerUnit": {"price": 756, "unit": "l", "__typename": "PricePerUnit"}, "__typename": "Price"}, "quantityDetails": {"maxAmount": 99, "minAmount": 1, "stepAmount": 1, "defaultAmount": 1, "__typename": "Quantity"}, "primaryBadge": [], "secondaryBadges": [{"alt": "THT logo", "image": "/INTERSHOP/static/WFS/Jumbo-Site/Grocery/Jumbo-Grocery/nl_NL/PIMProductBadge/tht-10+.png", "__typename": "Badge"}], "badgeDescription": "10+ dagen houdbaar", "customerAllergies": {"short": "", "__typename": "CustomerAllergies"}, "promotions": [], "surcharges": [], "__typename": "Product", "crossSells": [], "retailSetProducts": []}, {"id": "591493STK", "brand": "Jumbo", "category": "Aardappelen, groente en fruit", "subtitle": "150 g", "title": "Jumbo Hollandse Rauwkost 150g", "image": "https://retrieval.dam-lite.prod.aws.jumbo.com/fit-in/360x360/Products/212639STK1b00a5be5-60d7-4da8-969e-cbf384509d02-1695743867390.png", "inAssortment": true, "availability": {"availability": "AVAILABLE", "isAvailable": true, "label": null, "stockLimit": null, "__typename": "ProductAvailability"}, "sponsored": false, "auctionId": null, "link": "/producten/jumbo-hollandse-rauwkost-150g-591493STK", "retailSet": false, "prices": {"price": 229, "promoPrice": null, "pricePerUnit": {"price": 1527, "unit": "kg", "__typename": "PricePerUnit"}, "__typename": "Price"}, "quantityDetails": {"maxAmount": 99, "minAmount": 1, "stepAmount": 1, "defaultAmount": 1, "__typename": "Quantity"}, "primaryBadge": [], "secondaryBadges": [{"alt": "THT logo", "image": "/INTERSHOP/static/WFS/Jumbo-Site/Grocery/Jumbo-Grocery/nl_NL/PIMProductBadge/tht-1+.png", "__typename": "Badge"}, {"alt": "NIEUW", "image": "/INTERSHOP/static/WFS/Jumbo-Site/Grocery/Jumbo-Grocery/nl_NL/PIMProductBadge/nieuw.png", "__typename": "Badge"}], "badgeDescription": "1+ dagen houdbaar", "customerAllergies": {"short": "", "__typename": "CustomerAllergies"}, "promotions": [], "surcharges": [], "__typename": "Product", "crossSells": [], "retailSetProducts": []}, {"id": "523330FLS", "brand": "innocent\u00a9", "category": "Aardappelen, groente en fruit", "subtitle": "300 ml", "title": "Innocent Super Smoothie Energise 300ml", "image": "https://retrieval.dam-lite.prod.aws.jumbo.com/fit-in/360x360/Products/10082023_1691677821909_1691677829389_5038862239769_1.png", "inAssortment": true, "availability": {"availability": "AVAILABLE", "isAvailable": true, "label": null, "stockLimit": null, "__typename": "ProductAvailability"}, "sponsored": false, "auctionId": null, "link": "/producten/innocent-super-smoothie-energise-300ml-523330FLS", "retailSet": false, "prices": {"price": 266, "promoPrice": null, "pricePerUnit": {"price": 887, "unit": "l", "__typename": "PricePerUnit"}, "__typename": "Price"}, "quantityDetails": {"maxAmount": 99, "minAmount": 1, "stepAmount": 1, "defaultAmount": 1, "__typename": "Quantity"}, "primaryBadge": [], "secondaryBadges": [{"alt": "THT logo", "image": "/INTERSHOP/static/WFS/Jumbo-Site/Grocery/Jumbo-Grocery/nl_NL/PIMProductBadge/tht-8+.png", "__typename": "Badge"}], "badgeDescription": "8+ dagen houdbaar", "customerAllergies": {"short": "", "__typename": "CustomerAllergies"}, "promotions": [], "surcharges": [], "__typename": "Product", "crossSells": [], "retailSetProducts": []}, {"id": "302260ZK", "brand": "Jumbo", "category": "Aardappelen, groente en fruit", "subtitle": "500 G", "title": "Jumbo Spruiten 500g", "image": "https://retrieval.dam-lite.prod.aws.jumbo.com/fit-in/360x360/Products/18092023_1695031670308_1695031679285_8711715819000_1.png", "inAssortment": true, "availability": {"availability": "AVAILABLE", "isAvailable": true, "label": null, "stockLimit": null, "__typename": "ProductAvailability"}, "sponsored": false, "auctionId": null, "link": "/producten/jumbo-spruiten-500g-302260ZK", "retailSet": false, "prices": {"price": 135, "promoPrice": 69, "pricePerUnit": {"price": 138, "unit": "kg", "__typename": "PricePerUnit"}, "__typename": "Price"}, "quantityDetails": {"maxAmount": 99, "minAmount": 1, "stepAmount": 1, "defaultAmount": 1, "__typename": "Quantity"}, "primaryBadge": [], "secondaryBadges": [{"alt": "Van dichtbij", "image": "/INTERSHOP/static/WFS/Jumbo-Site/Grocery/Jumbo-Grocery/nl_NL/PIMProductBadge/van-dichtbij.png", "__typename": "Badge"}], "badgeDescription": null, "customerAllergies": {"short": "", "__typename": "CustomerAllergies"}, "promotions": [{"id": "3985003-A-1", "group": "Week", "isKiesAndMix": false, "image": "/INTERSHOP/static/WFS/Jumbo-Grocery-Site/-/Jumbo-Grocery/nl_NL/Images_Aanbiedingen/2023/Weekaanbiedingen/Week%2045/Spruiten_280px.png", "tags": [{"text": "1 voor \u20ac 0,69", "inverse": false, "__typename": "PromotionTag"}], "start": {"dayShort": "wo", "date": 8, "monthShort": "nov", "__typename": "PromotionDateTime"}, "end": {"dayShort": "di", "date": 14, "monthShort": "nov", "__typename": "PromotionDateTime"}, "attachments": [{"type": "PromotionGroup-Badge", "path": "/INTERSHOP/web/WFS/Jumbo-Grocery-Site/nl_NL/-/EUR/ViewPromotionAttachment-OpenFile?unitName=Jumbo&LocaleId=nl_NL&DirectoryPath=PromotionBadges&FileName=Week.svg", "__typename": "PromotionAttachment"}], "primaryBadge": [{"alt": "PromotionGroup-Badge", "image": "/INTERSHOP/web/WFS/Jumbo-Grocery-Site/nl_NL/-/EUR/ViewPromotionAttachment-OpenFile?unitName=Jumbo&LocaleId=nl_NL&DirectoryPath=PromotionBadges&FileName=Week.svg", "__typename": "PromotionBadge"}], "__typename": "Promotion"}], "surcharges": [], "__typename": "Product", "crossSells": [], "retailSetProducts": []}, {"id": "501920ZK", "brand": "JUMBO", "category": "Koek, snoep, chocolade en chips", "subtitle": "175 g", "title": "Jumbo Biologisch Ongebrande Cashewnoten 175g", "image": "https://retrieval.dam-lite.prod.aws.jumbo.com/fit-in/360x360/Products/09082023_1691590100310_1691590192881_8718452633593_1.png", "inAssortment": true, "availability": {"availability": "AVAILABLE", "isAvailable": true, "label": null, "stockLimit": null, "__typename": "ProductAvailability"}, "sponsored": false, "auctionId": null, "link": "/producten/jumbo-biologisch-ongebrande-cashewnoten-175g-501920ZK", "retailSet": false, "prices": {"price": 469, "promoPrice": null, "pricePerUnit": {"price": 2680, "unit": "kg", "__typename": "PricePerUnit"}, "__typename": "Price"}, "quantityDetails": {"maxAmount": 99, "minAmount": 1, "stepAmount": 1, "defaultAmount": 1, "__typename": "Quantity"}, "primaryBadge": [], "secondaryBadges": [], "badgeDescription": null, "customerAllergies": {"short": "", "__typename": "CustomerAllergies"}, "promotions": [], "surcharges": [], "__typename": "Product", "crossSells": [{"sku": "376103CUP", "__typename": "Product"}], "retailSetProducts": []}, {"id": "577125DS", "brand": "JUMBO", "category": "Aardappelen, groente en fruit", "subtitle": "500 g", "title": "Jumbo Fruitstukjes Ananas, Appel & Druif - Voordeelverpakking 500g", "image": "https://retrieval.dam-lite.prod.aws.jumbo.com/fit-in/360x360/Products/04102023_1696437306356_1696437319091_8718452752461_1.png", "inAssortment": true, "availability": {"availability": "TEMPORARILY_UNAVAILABLE", "isAvailable": false, "label": "Niet leverbaar", "stockLimit": null, "__typename": "ProductAvailability"}, "sponsored": false, "auctionId": null, "link": "/producten/jumbo-fruitstukjes-ananas-appel-druif-voordeelverpakking-500g-577125DS", "retailSet": false, "prices": {"price": 450, "promoPrice": null, "pricePerUnit": {"price": 900, "unit": "kg", "__typename": "PricePerUnit"}, "__typename": "Price"}, "quantityDetails": {"maxAmount": 99, "minAmount": 1, "stepAmount": 1, "defaultAmount": 1, "__typename": "Quantity"}, "primaryBadge": [], "secondaryBadges": [], "badgeDescription": null, "customerAllergies": {"short": "", "__typename": "CustomerAllergies"}, "promotions": [], "surcharges": [], "__typename": "Product", "crossSells": [], "retailSetProducts": []}, {"id": "522659SC", "brand": "JUMBO", "category": "Aardappelen, groente en fruit", "subtitle": "300 g", "title": "Jumbo Snackgroente Paprikaatjes Mix 300g", "image": "https://retrieval.dam-lite.prod.aws.jumbo.com/fit-in/360x360/Products/09082023_1691591218998_1691591260706_8718452687084_1.png", "inAssortment": true, "availability": {"availability": "AVAILABLE", "isAvailable": true, "label": null, "stockLimit": null, "__typename": "ProductAvailability"}, "sponsored": false, "auctionId": null, "link": "/producten/jumbo-snackgroente-paprikaatjes-mix-300g-522659SC", "retailSet": false, "prices": {"price": 299, "promoPrice": null, "pricePerUnit": {"price": 997, "unit": "kg", "__typename": "PricePerUnit"}, "__typename": "Price"}, "quantityDetails": {"maxAmount": 99, "minAmount": 1, "stepAmount": 1, "defaultAmount": 1, "__typename": "Quantity"}, "primaryBadge": [], "secondaryBadges": [], "badgeDescription": null, "customerAllergies": {"short": "", "__typename": "CustomerAllergies"}, "promotions": [], "surcharges": [], "__typename": "Product", "crossSells": [], "retailSetProducts": []}, {"id": "212166STK", "brand": "JUMBO", "category": "Aardappelen, groente en fruit", "subtitle": "500 g", "title": "Jumbo Geschrapte Wortelen Voordeelverpakking 500g", "image": "https://retrieval.dam-lite.prod.aws.jumbo.com/fit-in/360x360/Products/29092023_1695996696025_1695996701569_8718452741922_1.png", "inAssortment": true, "availability": {"availability": "AVAILABLE", "isAvailable": true, "label": null, "stockLimit": null, "__typename": "ProductAvailability"}, "sponsored": false, "auctionId": null, "link": "/producten/jumbo-geschrapte-wortelen-voordeelverpakking-500g-212166STK", "retailSet": false, "prices": {"price": 159, "promoPrice": null, "pricePerUnit": {"price": 318, "unit": "kg", "__typename": "PricePerUnit"}, "__typename": "Price"}, "quantityDetails": {"maxAmount": 99, "minAmount": 1, "stepAmount": 1, "defaultAmount": 1, "__typename": "Quantity"}, "primaryBadge": [], "secondaryBadges": [{"alt": "THT logo", "image": "/INTERSHOP/static/WFS/Jumbo-Site/Grocery/Jumbo-Grocery/nl_NL/PIMProductBadge/tht-2+.png", "__typename": "Badge"}, {"alt": "Van dichtbij", "image": "/INTERSHOP/static/WFS/Jumbo-Site/Grocery/Jumbo-Grocery/nl_NL/PIMProductBadge/van-dichtbij.png", "__typename": "Badge"}], "badgeDescription": "2+ dagen houdbaar", "customerAllergies": {"short": "", "__typename": "CustomerAllergies"}, "promotions": [], "surcharges": [], "__typename": "Product", "crossSells": [], "retailSetProducts": []}, {"id": "213007NET", "brand": "Jumbo", "category": "Aardappelen, groente en fruit", "subtitle": "1 KILO", "title": "Jumbo Uien 1kg", "image": "https://retrieval.dam-lite.prod.aws.jumbo.com/fit-in/360x360/Products/09082023_1691585249827_1691585268134_8711715871503_1.png", "inAssortment": true, "availability": {"availability": "AVAILABLE", "isAvailable": true, "label": null, "stockLimit": null, "__typename": "ProductAvailability"}, "sponsored": false, "auctionId": null, "link": "/producten/jumbo-uien-1kg-213007NET", "retailSet": false, "prices": {"price": 160, "promoPrice": null, "pricePerUnit": {"price": 160, "unit": "kg", "__typename": "PricePerUnit"}, "__typename": "Price"}, "quantityDetails": {"maxAmount": 99, "minAmount": 1, "stepAmount": 1, "defaultAmount": 1, "__typename": "Quantity"}, "primaryBadge": [], "secondaryBadges": [{"alt": "Van dichtbij", "image": "/INTERSHOP/static/WFS/Jumbo-Site/Grocery/Jumbo-Grocery/nl_NL/PIMProductBadge/van-dichtbij.png", "__typename": "Badge"}], "badgeDescription": null, "customerAllergies": {"short": "", "__typename": "CustomerAllergies"}, "promotions": [], "surcharges": [], "__typename": "Product", "crossSells": [], "retailSetProducts": []}, {"id": "532128FLS", "brand": "JUMBO", "category": "Aardappelen, groente en fruit", "subtitle": "500 ml", "title": "Jumbo Vers Sap Drakenfruit, Appel, Passievrucht & Banaan 500ML", "image": "https://retrieval.dam-lite.prod.aws.jumbo.com/fit-in/360x360/Products/28082023_1693215185892_1693215191416_8718452668786_1.png", "inAssortment": true, "availability": {"availability": "AVAILABLE", "isAvailable": true, "label": null, "stockLimit": null, "__typename": "ProductAvailability"}, "sponsored": false, "auctionId": null, "link": "/producten/jumbo-vers-sap-drakenfruit-appel-passievrucht-banaan-500ml-532128FLS", "retailSet": false, "prices": {"price": 249, "promoPrice": null, "pricePerUnit": {"price": 498, "unit": "l", "__typename": "PricePerUnit"}, "__typename": "Price"}, "quantityDetails": {"maxAmount": 99, "minAmount": 1, "stepAmount": 1, "defaultAmount": 1, "__typename": "Quantity"}, "primaryBadge": [], "secondaryBadges": [{"alt": "THT logo", "image": "/INTERSHOP/static/WFS/Jumbo-Site/Grocery/Jumbo-Grocery/nl_NL/PIMProductBadge/tht-10+.png", "__typename": "Badge"}], "badgeDescription": "10+ dagen houdbaar", "customerAllergies": {"short": "", "__typename": "CustomerAllergies"}, "promotions": [], "surcharges": [], "__typename": "Product", "crossSells": [], "retailSetProducts": []}, {"id": "211741ZK", "brand": "Jumbo", "category": "Aardappelen, groente en fruit", "subtitle": "425 g", "title": "Jumbo Aardappelschijfjes met Spek en Ui 425g", "image": "https://retrieval.dam-lite.prod.aws.jumbo.com/fit-in/360x360/Products/29092023_1695995421069_1695995435004_8718452431373_1.png", "inAssortment": true, "availability": {"availability": "AVAILABLE", "isAvailable": true, "label": null, "stockLimit": null, "__typename": "ProductAvailability"}, "sponsored": false, "auctionId": null, "link": "/producten/jumbo-aardappelschijfjes-met-spek-en-ui-425g-211741ZK", "retailSet": false, "prices": {"price": 249, "promoPrice": null, "pricePerUnit": {"price": 586, "unit": "kg", "__typename": "PricePerUnit"}, "__typename": "Price"}, "quantityDetails": {"maxAmount": 99, "minAmount": 1, "stepAmount": 1, "defaultAmount": 1, "__typename": "Quantity"}, "primaryBadge": [], "secondaryBadges": [{"alt": "THT logo", "image": "/INTERSHOP/static/WFS/Jumbo-Site/Grocery/Jumbo-Grocery/nl_NL/PIMProductBadge/tht-2+.png", "__typename": "Badge"}], "badgeDescription": "2+ dagen houdbaar", "customerAllergies": {"short": "", "__typename": "CustomerAllergies"}, "promotions": [], "surcharges": [], "__typename": "Product", "crossSells": [], "retailSetProducts": []}, {"id": "422940STK", "brand": null, "category": "Aardappelen, groente en fruit", "subtitle": null, "title": "Avocado 1 Stuk", "image": "https://retrieval.dam-lite.prod.aws.jumbo.com/fit-in/360x360/Products/18092023_1695038537582_1695038545767_25003314_1.png", "inAssortment": true, "availability": {"availability": "AVAILABLE", "isAvailable": true, "label": null, "stockLimit": null, "__typename": "ProductAvailability"}, "sponsored": false, "auctionId": null, "link": "/producten/avocado-1-stuk-422940STK", "retailSet": false, "prices": {"price": 145, "promoPrice": null, "pricePerUnit": {"price": 145, "unit": "pieces", "__typename": "PricePerUnit"}, "__typename": "Price"}, "quantityDetails": {"maxAmount": 99, "minAmount": 1, "stepAmount": 1, "defaultAmount": 1, "__typename": "Quantity"}, "primaryBadge": [], "secondaryBadges": [], "badgeDescription": null, "customerAllergies": {"short": "", "__typename": "CustomerAllergies"}, "promotions": [], "surcharges": [], "__typename": "Product", "crossSells": [], "retailSetProducts": []}, {"id": "40489NET", "brand": "Jumbo", "category": "Aardappelen, groente en fruit", "subtitle": "2 KG", "title": "Jumbo Perssinaasappelen 2kg", "image": "https://retrieval.dam-lite.prod.aws.jumbo.com/fit-in/360x360/Products/10082023_1691674954962_1691675008494_8711715881861_1.png", "inAssortment": true, "availability": {"availability": "AVAILABLE", "isAvailable": true, "label": null, "stockLimit": null, "__typename": "ProductAvailability"}, "sponsored": false, "auctionId": null, "link": "/producten/jumbo-perssinaasappelen-2kg-40489NET", "retailSet": false, "prices": {"price": 299, "promoPrice": null, "pricePerUnit": {"price": 150, "unit": "kg", "__typename": "PricePerUnit"}, "__typename": "Price"}, "quantityDetails": {"maxAmount": 99, "minAmount": 1, "stepAmount": 1, "defaultAmount": 1, "__typename": "Quantity"}, "primaryBadge": [], "secondaryBadges": [], "badgeDescription": null, "customerAllergies": {"short": "", "__typename": "CustomerAllergies"}, "promotions": [], "surcharges": [], "__typename": "Product", "crossSells": [{"sku": "158171STK", "__typename": "Product"}, {"sku": "376677STK", "__typename": "Product"}], "retailSetProducts": []}, {"id": "557504DS", "brand": "JUMBO", "category": "Aardappelen, groente en fruit", "subtitle": "250 g", "title": "Jumbo Fruitstukjes Ananas, Galiameloen, Druif & Blauwe Bes 250G", "image": "https://retrieval.dam-lite.prod.aws.jumbo.com/fit-in/360x360/Products/09082023_1691594176834_1691594186083_8718452698561_1.png", "inAssortment": true, "availability": {"availability": "AVAILABLE", "isAvailable": true, "label": null, "stockLimit": null, "__typename": "ProductAvailability"}, "sponsored": false, "auctionId": null, "link": "/producten/jumbo-fruitstukjes-ananas-galiameloen-druif-blauwe-bes-250g-557504DS", "retailSet": false, "prices": {"price": 300, "promoPrice": null, "pricePerUnit": {"price": 1200, "unit": "kg", "__typename": "PricePerUnit"}, "__typename": "Price"}, "quantityDetails": {"maxAmount": 99, "minAmount": 1, "stepAmount": 1, "defaultAmount": 1, "__typename": "Quantity"}, "primaryBadge": [], "secondaryBadges": [], "badgeDescription": null, "customerAllergies": {"short": "", "__typename": "CustomerAllergies"}, "promotions": [{"id": "3771048-C-1", "group": "Week", "isKiesAndMix": false, "image": "/INTERSHOP/static/WFS/Jumbo-Grocery-Site/-/Jumbo-Grocery/nl_NL/Images_Aanbiedingen/2023/Weekaanbiedingen/Week%2045/Vers%20gesneden%20fruit_280px.png", "tags": [{"text": "2 voor \u20ac 4,50", "inverse": false, "__typename": "PromotionTag"}], "start": {"dayShort": "wo", "date": 8, "monthShort": "nov", "__typename": "PromotionDateTime"}, "end": {"dayShort": "di", "date": 14, "monthShort": "nov", "__typename": "PromotionDateTime"}, "attachments": [{"type": "PromotionGroup-Badge", "path": "/INTERSHOP/web/WFS/Jumbo-Grocery-Site/nl_NL/-/EUR/ViewPromotionAttachment-OpenFile?unitName=Jumbo&LocaleId=nl_NL&DirectoryPath=PromotionBadges&FileName=Week.svg", "__typename": "PromotionAttachment"}], "primaryBadge": [{"alt": "PromotionGroup-Badge", "image": "/INTERSHOP/web/WFS/Jumbo-Grocery-Site/nl_NL/-/EUR/ViewPromotionAttachment-OpenFile?unitName=Jumbo&LocaleId=nl_NL&DirectoryPath=PromotionBadges&FileName=Week.svg", "__typename": "PromotionBadge"}], "__typename": "Promotion"}], "surcharges": [], "__typename": "Product", "crossSells": [], "retailSetProducts": []}, {"id": "257277STK", "brand": "MAGGI", "category": "Aardappelen, groente en fruit", "subtitle": "2 x 138 g", "title": "MAGGI Aardappelpuree Naturel 2 x 138g", "image": "https://retrieval.dam-lite.prod.aws.jumbo.com/fit-in/360x360/Products/26082023_1693018136676_1693018140091_257277_STK_.png", "inAssortment": true, "availability": {"availability": "AVAILABLE", "isAvailable": true, "label": null, "stockLimit": null, "__typename": "ProductAvailability"}, "sponsored": false, "auctionId": null, "link": "/producten/maggi-aardappelpuree-naturel-2-x-138g-257277STK", "retailSet": false, "prices": {"price": 197, "promoPrice": null, "pricePerUnit": {"price": 714, "unit": "kg", "__typename": "PricePerUnit"}, "__typename": "Price"}, "quantityDetails": {"maxAmount": 99, "minAmount": 1, "stepAmount": 1, "defaultAmount": 1, "__typename": "Quantity"}, "primaryBadge": [], "secondaryBadges": [], "badgeDescription": null, "customerAllergies": {"short": "", "__typename": "CustomerAllergies"}, "promotions": [], "surcharges": [], "__typename": "Product", "crossSells": [], "retailSetProducts": []}, {"id": "578889BAK", "brand": "JUMBO", "category": "Aardappelen, groente en fruit", "subtitle": "125 G", "title": "Jumbo Bessen Rood 125g", "image": "https://static-images.jumbo.com/product_images/230620231452_332392BAK-1_360x360_2.png", "inAssortment": true, "availability": {"availability": "AVAILABLE", "isAvailable": true, "label": null, "stockLimit": null, "__typename": "ProductAvailability"}, "sponsored": false, "auctionId": null, "link": "/producten/jumbo-bessen-rood-125g-578889BAK", "retailSet": false, "prices": {"price": 249, "promoPrice": null, "pricePerUnit": {"price": 1992, "unit": "kg", "__typename": "PricePerUnit"}, "__typename": "Price"}, "quantityDetails": {"maxAmount": 99, "minAmount": 1, "stepAmount": 1, "defaultAmount": 1, "__typename": "Quantity"}, "primaryBadge": [], "secondaryBadges": [{"alt": "NIEUW", "image": "/INTERSHOP/static/WFS/Jumbo-Site/Grocery/Jumbo-Grocery/nl_NL/PIMProductBadge/nieuw.png", "__typename": "Badge"}, {"alt": "Van dichtbij", "image": "/INTERSHOP/static/WFS/Jumbo-Site/Grocery/Jumbo-Grocery/nl_NL/PIMProductBadge/van-dichtbij.png", "__typename": "Badge"}], "badgeDescription": null, "customerAllergies": {"short": "", "__typename": "CustomerAllergies"}, "promotions": [], "surcharges": [], "__typename": "Product", "crossSells": [], "retailSetProducts": []}, {"id": "46622STK", "brand": "Jumbo", "category": "Aardappelen, groente en fruit", "subtitle": "43 G", "title": "Jumbo Kleine Bloemkool & Broccoli 2-3 Personen", "image": "https://retrieval.dam-lite.prod.aws.jumbo.com/fit-in/360x360/Products/18092023_1695031385208_1695031393363_8711715882219_1.png", "inAssortment": true, "availability": {"availability": "AVAILABLE", "isAvailable": true, "label": null, "stockLimit": null, "__typename": "ProductAvailability"}, "sponsored": false, "auctionId": null, "link": "/producten/jumbo-kleine-bloemkool-broccoli-2-3-personen-46622STK", "retailSet": false, "prices": {"price": 299, "promoPrice": null, "pricePerUnit": {"price": 299, "unit": "pieces", "__typename": "PricePerUnit"}, "__typename": "Price"}, "quantityDetails": {"maxAmount": 99, "minAmount": 1, "stepAmount": 1, "defaultAmount": 1, "__typename": "Quantity"}, "primaryBadge": [], "secondaryBadges": [{"alt": "Van dichtbij", "image": "/INTERSHOP/static/WFS/Jumbo-Site/Grocery/Jumbo-Grocery/nl_NL/PIMProductBadge/van-dichtbij.png", "__typename": "Badge"}], "badgeDescription": null, "customerAllergies": {"short": "", "__typename": "CustomerAllergies"}, "promotions": [], "surcharges": [], "__typename": "Product", "crossSells": [], "retailSetProducts": []}, {"id": "531836FLS", "brand": "Jumbo", "category": "Aardappelen, groente en fruit", "subtitle": "500 ml", "title": "Jumbo Verse Smoothie Aardbei, Appel & Banaan 500ML", "image": "https://retrieval.dam-lite.prod.aws.jumbo.com/fit-in/360x360/Products/531836_8718452668830_1_T1_294497FLS1691076699903.png", "inAssortment": true, "availability": {"availability": "AVAILABLE", "isAvailable": true, "label": null, "stockLimit": null, "__typename": "ProductAvailability"}, "sponsored": false, "auctionId": null, "link": "/producten/jumbo-verse-smoothie-aardbei-appel-banaan-500ml-531836FLS", "retailSet": false, "prices": {"price": 249, "promoPrice": null, "pricePerUnit": {"price": 498, "unit": "l", "__typename": "PricePerUnit"}, "__typename": "Price"}, "quantityDetails": {"maxAmount": 99, "minAmount": 1, "stepAmount": 1, "defaultAmount": 1, "__typename": "Quantity"}, "primaryBadge": [], "secondaryBadges": [{"alt": "THT logo", "image": "/INTERSHOP/static/WFS/Jumbo-Site/Grocery/Jumbo-Grocery/nl_NL/PIMProductBadge/tht-10+.png", "__typename": "Badge"}], "badgeDescription": "10+ dagen houdbaar", "customerAllergies": {"short": "", "__typename": "CustomerAllergies"}, "promotions": [], "surcharges": [], "__typename": "Product", "crossSells": [], "retailSetProducts": []}, {"id": "528125ZK", "brand": "JUMBO", "category": "Aardappelen, groente en fruit", "subtitle": "40 g", "title": "Jumbo Biologische Gewassen Rucola 40g", "image": "https://retrieval.dam-lite.prod.aws.jumbo.com/fit-in/360x360/Products/18092023_1695047825191_1695047834107_8718452514595_1.png", "inAssortment": true, "availability": {"availability": "AVAILABLE", "isAvailable": true, "label": null, "stockLimit": null, "__typename": "ProductAvailability"}, "sponsored": false, "auctionId": null, "link": "/producten/jumbo-biologische-gewassen-rucola-40g-528125ZK", "retailSet": false, "prices": {"price": 119, "promoPrice": null, "pricePerUnit": {"price": 2975, "unit": "kg", "__typename": "PricePerUnit"}, "__typename": "Price"}, "quantityDetails": {"maxAmount": 99, "minAmount": 1, "stepAmount": 1, "defaultAmount": 1, "__typename": "Quantity"}, "primaryBadge": [], "secondaryBadges": [{"alt": "THT logo", "image": "/INTERSHOP/static/WFS/Jumbo-Site/Grocery/Jumbo-Grocery/nl_NL/PIMProductBadge/tht-2+.png", "__typename": "Badge"}], "badgeDescription": "2+ dagen houdbaar", "customerAllergies": {"short": "", "__typename": "CustomerAllergies"}, "promotions": [], "surcharges": [], "__typename": "Product", "crossSells": [], "retailSetProducts": []}, {"id": "192050ZK", "brand": "Jumbo", "category": "Koek, snoep, chocolade en chips", "subtitle": "125 g", "title": "Jumbo Mix van Pitten 125g", "image": "https://retrieval.dam-lite.prod.aws.jumbo.com/fit-in/360x360/Products/09082023_1691584440080_1691584473557_8718452236114_1.png", "inAssortment": true, "availability": {"availability": "AVAILABLE", "isAvailable": true, "label": null, "stockLimit": null, "__typename": "ProductAvailability"}, "sponsored": false, "auctionId": null, "link": "/producten/jumbo-mix-van-pitten-125g-192050ZK", "retailSet": false, "prices": {"price": 466, "promoPrice": null, "pricePerUnit": {"price": 3728, "unit": "kg", "__typename": "PricePerUnit"}, "__typename": "Price"}, "quantityDetails": {"maxAmount": 99, "minAmount": 1, "stepAmount": 1, "defaultAmount": 1, "__typename": "Quantity"}, "primaryBadge": [], "secondaryBadges": [], "badgeDescription": null, "customerAllergies": {"short": "", "__typename": "CustomerAllergies"}, "promotions": [], "surcharges": [], "__typename": "Product", "crossSells": [], "retailSetProducts": []}, {"id": "415609BAK", "brand": null, "category": "Aardappelen, groente en fruit", "subtitle": "500 g", "title": "Tomaten 500g", "image": "https://retrieval.dam-lite.prod.aws.jumbo.com/fit-in/360x360/Products/09082023_1691584889288_1691584906085_8710147615402_1.png", "inAssortment": true, "availability": {"availability": "AVAILABLE", "isAvailable": true, "label": null, "stockLimit": null, "__typename": "ProductAvailability"}, "sponsored": false, "auctionId": null, "link": "/producten/tomaten-500g-415609BAK", "retailSet": false, "prices": {"price": 139, "promoPrice": null, "pricePerUnit": {"price": 278, "unit": "kg", "__typename": "PricePerUnit"}, "__typename": "Price"}, "quantityDetails": {"maxAmount": 99, "minAmount": 1, "stepAmount": 1, "defaultAmount": 1, "__typename": "Quantity"}, "primaryBadge": [], "secondaryBadges": [], "badgeDescription": null, "customerAllergies": {"short": "", "__typename": "CustomerAllergies"}, "promotions": [], "surcharges": [], "__typename": "Product", "crossSells": [], "retailSetProducts": []}, {"id": "454090NET", "brand": "JUMBO", "category": "Aardappelen, groente en fruit", "subtitle": "450 g", "title": "Jumbo Biologisch Rode Uien 450g", "image": "https://retrieval.dam-lite.prod.aws.jumbo.com/fit-in/360x360/Products/29092023_1695996432581_1695996437759_8718452592708_1.png", "inAssortment": true, "availability": {"availability": "AVAILABLE", "isAvailable": true, "label": null, "stockLimit": null, "__typename": "ProductAvailability"}, "sponsored": false, "auctionId": null, "link": "/producten/jumbo-biologisch-rode-uien-450g-454090NET", "retailSet": false, "prices": {"price": 129, "promoPrice": null, "pricePerUnit": {"price": 287, "unit": "kg", "__typename": "PricePerUnit"}, "__typename": "Price"}, "quantityDetails": {"maxAmount": 99, "minAmount": 1, "stepAmount": 1, "defaultAmount": 1, "__typename": "Quantity"}, "primaryBadge": [], "secondaryBadges": [{"alt": "Van dichtbij", "image": "/INTERSHOP/static/WFS/Jumbo-Site/Grocery/Jumbo-Grocery/nl_NL/PIMProductBadge/van-dichtbij.png", "__typename": "Badge"}], "badgeDescription": null, "customerAllergies": {"short": "", "__typename": "CustomerAllergies"}, "promotions": [], "surcharges": [], "__typename": "Product", "crossSells": [], "retailSetProducts": []}, {"id": "380101ZK", "brand": null, "category": "Aardappelen, groente en fruit", "subtitle": "1 kg", "title": "Jumbo Aardappelen Vastkokend 1kg", "image": "https://retrieval.dam-lite.prod.aws.jumbo.com/fit-in/360x360/Products/29092023_1695995100140_1695995107194_8718452499175_1.png", "inAssortment": true, "availability": {"availability": "AVAILABLE", "isAvailable": true, "label": null, "stockLimit": null, "__typename": "ProductAvailability"}, "sponsored": false, "auctionId": null, "link": "/producten/jumbo-aardappelen-vastkokend-1kg-380101ZK", "retailSet": false, "prices": {"price": 174, "promoPrice": null, "pricePerUnit": {"price": 174, "unit": "kg", "__typename": "PricePerUnit"}, "__typename": "Price"}, "quantityDetails": {"maxAmount": 99, "minAmount": 1, "stepAmount": 1, "defaultAmount": 1, "__typename": "Quantity"}, "primaryBadge": [], "secondaryBadges": [], "badgeDescription": null, "customerAllergies": {"short": "", "__typename": "CustomerAllergies"}, "promotions": [], "surcharges": [], "__typename": "Product", "crossSells": [], "retailSetProducts": []}, {"id": "211863BAK", "brand": "Zespri\u1d40\u1d39", "category": "Aardappelen, groente en fruit", "subtitle": "3 stuks", "title": "Zespri Kiwifruit Sungold 3 Stuks", "image": "https://retrieval.dam-lite.prod.aws.jumbo.com/fit-in/360x360/Products/29092023_1695995409089_1695995419368_8710147615525_1.png", "inAssortment": true, "availability": {"availability": "AVAILABLE", "isAvailable": true, "label": null, "stockLimit": null, "__typename": "ProductAvailability"}, "sponsored": false, "auctionId": null, "link": "/producten/zespri-kiwifruit-sungold-3-stuks-211863BAK", "retailSet": false, "prices": {"price": 299, "promoPrice": null, "pricePerUnit": {"price": 100, "unit": "pieces", "__typename": "PricePerUnit"}, "__typename": "Price"}, "quantityDetails": {"maxAmount": 99, "minAmount": 1, "stepAmount": 1, "defaultAmount": 1, "__typename": "Quantity"}, "primaryBadge": [], "secondaryBadges": [], "badgeDescription": null, "customerAllergies": {"short": "", "__typename": "CustomerAllergies"}, "promotions": [], "surcharges": [], "__typename": "Product", "crossSells": [{"sku": "71499NET", "__typename": "Product"}, {"sku": "232763STK", "__typename": "Product"}, {"sku": "330479BAK", "__typename": "Product"}], "retailSetProducts": []}, {"id": "196113ZK", "brand": "Jumbo", "category": "Aardappelen, groente en fruit", "subtitle": "1 KILO", "title": "Jumbo Wortelen 1kg", "image": "https://retrieval.dam-lite.prod.aws.jumbo.com/fit-in/360x360/Products/18092023_1695031625445_1695031631500_8718452265732_1.png", "inAssortment": true, "availability": {"availability": "AVAILABLE", "isAvailable": true, "label": null, "stockLimit": null, "__typename": "ProductAvailability"}, "sponsored": false, "auctionId": null, "link": "/producten/jumbo-wortelen-1kg-196113ZK", "retailSet": false, "prices": {"price": 193, "promoPrice": null, "pricePerUnit": {"price": 193, "unit": "kg", "__typename": "PricePerUnit"}, "__typename": "Price"}, "quantityDetails": {"maxAmount": 99, "minAmount": 1, "stepAmount": 1, "defaultAmount": 1, "__typename": "Quantity"}, "primaryBadge": [], "secondaryBadges": [{"alt": "Van dichtbij", "image": "/INTERSHOP/static/WFS/Jumbo-Site/Grocery/Jumbo-Grocery/nl_NL/PIMProductBadge/van-dichtbij.png", "__typename": "Badge"}], "badgeDescription": null, "customerAllergies": {"short": "", "__typename": "CustomerAllergies"}, "promotions": [], "surcharges": [], "__typename": "Product", "crossSells": [], "retailSetProducts": []}, {"id": "462772BAK", "brand": "JUMBO", "category": "Aardappelen, groente en fruit", "subtitle": "100 g", "title": "Jumbo Cantharellen 100g", "image": "https://retrieval.dam-lite.prod.aws.jumbo.com/fit-in/360x360/Products/29092023_1695998104077_1695998113708_8718452601325_1.png", "inAssortment": true, "availability": {"availability": "AVAILABLE", "isAvailable": true, "label": null, "stockLimit": null, "__typename": "ProductAvailability"}, "sponsored": false, "auctionId": null, "link": "/producten/jumbo-cantharellen-100g-462772BAK", "retailSet": false, "prices": {"price": 349, "promoPrice": null, "pricePerUnit": {"price": 3490, "unit": "kg", "__typename": "PricePerUnit"}, "__typename": "Price"}, "quantityDetails": {"maxAmount": 99, "minAmount": 1, "stepAmount": 1, "defaultAmount": 1, "__typename": "Quantity"}, "primaryBadge": [], "secondaryBadges": [{"alt": "THT logo", "image": "/INTERSHOP/static/WFS/Jumbo-Site/Grocery/Jumbo-Grocery/nl_NL/PIMProductBadge/tht-2+.png", "__typename": "Badge"}, {"alt": "NIEUW", "image": "/INTERSHOP/static/WFS/Jumbo-Site/Grocery/Jumbo-Grocery/nl_NL/PIMProductBadge/nieuw.png", "__typename": "Badge"}], "badgeDescription": "2+ dagen houdbaar", "customerAllergies": {"short": "", "__typename": "CustomerAllergies"}, "promotions": [], "surcharges": [], "__typename": "Product", "crossSells": [], "retailSetProducts": []}, {"id": "562791BAK", "brand": "Jumbo", "category": "Aardappelen, groente en fruit", "subtitle": "400 g", "title": "Jumbo Courgette Spaghetti 400g", "image": "https://retrieval.dam-lite.prod.aws.jumbo.com/fit-in/360x360/Products/09082023_1691585942906_1691585953671_8718452374939_1.png", "inAssortment": true, "availability": {"availability": "AVAILABLE", "isAvailable": true, "label": null, "stockLimit": null, "__typename": "ProductAvailability"}, "sponsored": false, "auctionId": null, "link": "/producten/jumbo-courgette-spaghetti-400g-562791BAK", "retailSet": false, "prices": {"price": 199, "promoPrice": null, "pricePerUnit": {"price": 498, "unit": "kg", "__typename": "PricePerUnit"}, "__typename": "Price"}, "quantityDetails": {"maxAmount": 99, "minAmount": 1, "stepAmount": 1, "defaultAmount": 1, "__typename": "Quantity"}, "primaryBadge": [], "secondaryBadges": [{"alt": "THT logo", "image": "/INTERSHOP/static/WFS/Jumbo-Site/Grocery/Jumbo-Grocery/nl_NL/PIMProductBadge/tht-2+.png", "__typename": "Badge"}], "badgeDescription": "2+ dagen houdbaar", "customerAllergies": {"short": "", "__typename": "CustomerAllergies"}, "promotions": [], "surcharges": [], "__typename": "Product", "crossSells": [], "retailSetProducts": []}, {"id": "482738DS", "brand": "JUMBO", "category": "Ontbijt, broodbeleg en bakproducten", "subtitle": "250 g", "title": "Jumbo Medjoul Dadels 250g", "image": "https://retrieval.dam-lite.prod.aws.jumbo.com/fit-in/360x360/Products/09082023_1691589702266_1691589951263_8718452609956_1.png", "inAssortment": true, "availability": {"availability": "AVAILABLE", "isAvailable": true, "label": null, "stockLimit": null, "__typename": "ProductAvailability"}, "sponsored": false, "auctionId": null, "link": "/producten/jumbo-medjoul-dadels-250g-482738DS", "retailSet": false, "prices": {"price": 349, "promoPrice": null, "pricePerUnit": {"price": 1396, "unit": "kg", "__typename": "PricePerUnit"}, "__typename": "Price"}, "quantityDetails": {"maxAmount": 99, "minAmount": 1, "stepAmount": 1, "defaultAmount": 1, "__typename": "Quantity"}, "primaryBadge": [], "secondaryBadges": [], "badgeDescription": null, "customerAllergies": {"short": "", "__typename": "CustomerAllergies"}, "promotions": [], "surcharges": [], "__typename": "Product", "crossSells": [], "retailSetProducts": []}, {"id": "510555ZK", "brand": "JUMBO", "category": "Aardappelen, groente en fruit", "subtitle": "200 g", "title": "Jumbo Bloemkool Kleinverpakking 200g", "image": "https://retrieval.dam-lite.prod.aws.jumbo.com/fit-in/360x360/Products/09082023_1691590669445_1691590692309_8718452653607_1.png", "inAssortment": true, "availability": {"availability": "AVAILABLE", "isAvailable": true, "label": null, "stockLimit": null, "__typename": "ProductAvailability"}, "sponsored": false, "auctionId": null, "link": "/producten/jumbo-bloemkool-kleinverpakking-200g-510555ZK", "retailSet": false, "prices": {"price": 242, "promoPrice": null, "pricePerUnit": {"price": 1210, "unit": "kg", "__typename": "PricePerUnit"}, "__typename": "Price"}, "quantityDetails": {"maxAmount": 99, "minAmount": 1, "stepAmount": 1, "defaultAmount": 1, "__typename": "Quantity"}, "primaryBadge": [], "secondaryBadges": [{"alt": "THT logo", "image": "/INTERSHOP/static/WFS/Jumbo-Site/Grocery/Jumbo-Grocery/nl_NL/PIMProductBadge/tht-2+.png", "__typename": "Badge"}], "badgeDescription": "2+ dagen houdbaar", "customerAllergies": {"short": "", "__typename": "CustomerAllergies"}, "promotions": [], "surcharges": [], "__typename": "Product", "crossSells": [], "retailSetProducts": []}, {"id": "45946STK", "brand": "Jumbo", "category": "Aardappelen, groente en fruit", "subtitle": "1 stuk", "title": "Jumbo Galia Meloen", "image": "https://retrieval.dam-lite.prod.aws.jumbo.com/fit-in/360x360/Products/18092023_1695025446342_1695025457213_25003710_1.png", "inAssortment": true, "availability": {"availability": "AVAILABLE", "isAvailable": true, "label": null, "stockLimit": null, "__typename": "ProductAvailability"}, "sponsored": false, "auctionId": null, "link": "/producten/jumbo-galia-meloen-45946STK", "retailSet": false, "prices": {"price": 329, "promoPrice": null, "pricePerUnit": {"price": 329, "unit": "pieces", "__typename": "PricePerUnit"}, "__typename": "Price"}, "quantityDetails": {"maxAmount": 99, "minAmount": 1, "stepAmount": 1, "defaultAmount": 1, "__typename": "Quantity"}, "primaryBadge": [], "secondaryBadges": [], "badgeDescription": null, "customerAllergies": {"short": "", "__typename": "CustomerAllergies"}, "promotions": [], "surcharges": [], "__typename": "Product", "crossSells": [{"sku": "37091STK", "__typename": "Product"}, {"sku": "232763STK", "__typename": "Product"}, {"sku": "155557BAK", "__typename": "Product"}], "retailSetProducts": []}, {"id": "97972ZK", "brand": "Jumbo", "category": "Vlees, vis, vegetarisch", "subtitle": "400 g", "title": "Jumbo Mosselgroente 400g", "image": "https://retrieval.dam-lite.prod.aws.jumbo.com/fit-in/360x360/Products/29092023_1695994881201_1695994889432_8718452310296_1.png", "inAssortment": true, "availability": {"availability": "AVAILABLE", "isAvailable": true, "label": null, "stockLimit": null, "__typename": "ProductAvailability"}, "sponsored": false, "auctionId": null, "link": "/producten/jumbo-mosselgroente-400g-97972ZK", "retailSet": false, "prices": {"price": 185, "promoPrice": null, "pricePerUnit": {"price": 463, "unit": "kg", "__typename": "PricePerUnit"}, "__typename": "Price"}, "quantityDetails": {"maxAmount": 99, "minAmount": 1, "stepAmount": 1, "defaultAmount": 1, "__typename": "Quantity"}, "primaryBadge": [], "secondaryBadges": [{"alt": "THT logo", "image": "/INTERSHOP/static/WFS/Jumbo-Site/Grocery/Jumbo-Grocery/nl_NL/PIMProductBadge/tht-2+.png", "__typename": "Badge"}], "badgeDescription": "2+ dagen houdbaar", "customerAllergies": {"short": "", "__typename": "CustomerAllergies"}, "promotions": [], "surcharges": [], "__typename": "Product", "crossSells": [{"sku": "569318BAK", "__typename": "Product"}, {"sku": "217560POT", "__typename": "Product"}, {"sku": "546040ZK", "__typename": "Product"}, {"sku": "91631ZK", "__typename": "Product"}], "retailSetProducts": []}, {"id": "302262STK", "brand": "Jumbo", "category": "Aardappelen, groente en fruit", "subtitle": null, "title": "Jumbo Spitskool 2-3 Personen", "image": "https://retrieval.dam-lite.prod.aws.jumbo.com/fit-in/360x360/Products/29092023_1695994884312_1695994889997_8718449012783_1.png", "inAssortment": true, "availability": {"availability": "AVAILABLE", "isAvailable": true, "label": null, "stockLimit": null, "__typename": "ProductAvailability"}, "sponsored": false, "auctionId": null, "link": "/producten/jumbo-spitskool-2-3-personen-302262STK", "retailSet": false, "prices": {"price": 189, "promoPrice": null, "pricePerUnit": {"price": 189, "unit": "pieces", "__typename": "PricePerUnit"}, "__typename": "Price"}, "quantityDetails": {"maxAmount": 99, "minAmount": 1, "stepAmount": 1, "defaultAmount": 1, "__typename": "Quantity"}, "primaryBadge": [], "secondaryBadges": [{"alt": "Van dichtbij", "image": "/INTERSHOP/static/WFS/Jumbo-Site/Grocery/Jumbo-Grocery/nl_NL/PIMProductBadge/van-dichtbij.png", "__typename": "Badge"}], "badgeDescription": null, "customerAllergies": {"short": "", "__typename": "CustomerAllergies"}, "promotions": [], "surcharges": [], "__typename": "Product", "crossSells": [], "retailSetProducts": []}, {"id": "574829PAK", "brand": "Jumbo", "category": "Aardappelen, groente en fruit", "subtitle": "425 g", "title": "Jumbo Aardappelgratin met Kaas 425g", "image": "https://retrieval.dam-lite.prod.aws.jumbo.com/fit-in/360x360/Products/09082023_1691584973844_1691584988624_8718452309146_1.png", "inAssortment": true, "availability": {"availability": "AVAILABLE", "isAvailable": true, "label": null, "stockLimit": null, "__typename": "ProductAvailability"}, "sponsored": false, "auctionId": null, "link": "/producten/jumbo-aardappelgratin-met-kaas-425g-574829PAK", "retailSet": false, "prices": {"price": 207, "promoPrice": null, "pricePerUnit": {"price": 487, "unit": "kg", "__typename": "PricePerUnit"}, "__typename": "Price"}, "quantityDetails": {"maxAmount": 99, "minAmount": 1, "stepAmount": 1, "defaultAmount": 1, "__typename": "Quantity"}, "primaryBadge": [], "secondaryBadges": [{"alt": "Bekroonde producten", "image": "/INTERSHOP/static/WFS/Jumbo-Site/Grocery/Jumbo-Grocery/nl_NL/PIMProductBadge/sticker_trophy_85x85.png", "__typename": "Badge"}, {"alt": "THT logo", "image": "/INTERSHOP/static/WFS/Jumbo-Site/Grocery/Jumbo-Grocery/nl_NL/PIMProductBadge/tht-2+.png", "__typename": "Badge"}], "badgeDescription": "2+ dagen houdbaar", "customerAllergies": {"short": "", "__typename": "CustomerAllergies"}, "promotions": [], "surcharges": [], "__typename": "Product", "crossSells": [], "retailSetProducts": []}, {"id": "383171ZK", "brand": "JUMBO", "category": "Aardappelen, groente en fruit", "subtitle": "3 kg", "title": "Jumbo Aardappelen Kruimig Extra Groot 3kg", "image": "https://retrieval.dam-lite.prod.aws.jumbo.com/fit-in/360x360/Products/29092023_1695995271586_1695995278037_8718452499229_1.png", "inAssortment": true, "availability": {"availability": "AVAILABLE", "isAvailable": true, "label": null, "stockLimit": null, "__typename": "ProductAvailability"}, "sponsored": false, "auctionId": null, "link": "/producten/jumbo-aardappelen-kruimig-extra-groot-3kg-383171ZK", "retailSet": false, "prices": {"price": 436, "promoPrice": null, "pricePerUnit": {"price": 145, "unit": "kg", "__typename": "PricePerUnit"}, "__typename": "Price"}, "quantityDetails": {"maxAmount": 99, "minAmount": 1, "stepAmount": 1, "defaultAmount": 1, "__typename": "Quantity"}, "primaryBadge": [], "secondaryBadges": [{"alt": "Van dichtbij", "image": "/INTERSHOP/static/WFS/Jumbo-Site/Grocery/Jumbo-Grocery/nl_NL/PIMProductBadge/van-dichtbij.png", "__typename": "Badge"}], "badgeDescription": null, "customerAllergies": {"short": "", "__typename": "CustomerAllergies"}, "promotions": [], "surcharges": [], "__typename": "Product", "crossSells": [], "retailSetProducts": []}, {"id": "351707ZK", "brand": "C\u00ealaV\u00edta", "category": "Aardappelen, groente en fruit", "subtitle": "450 g", "title": "C\u00ealaV\u00edta Oma's Verse Opbak Aardappeltjes 450g", "image": "https://retrieval.dam-lite.prod.aws.jumbo.com/fit-in/360x360/Products/09082023_1691589142488_1691589156974_8710556803544_1.png", "inAssortment": true, "availability": {"availability": "AVAILABLE", "isAvailable": true, "label": null, "stockLimit": null, "__typename": "ProductAvailability"}, "sponsored": false, "auctionId": null, "link": "/producten/celavita-oma-s-verse-opbak-aardappeltjes-450g-351707ZK", "retailSet": false, "prices": {"price": 197, "promoPrice": null, "pricePerUnit": {"price": 438, "unit": "kg", "__typename": "PricePerUnit"}, "__typename": "Price"}, "quantityDetails": {"maxAmount": 99, "minAmount": 1, "stepAmount": 1, "defaultAmount": 1, "__typename": "Quantity"}, "primaryBadge": [], "secondaryBadges": [{"alt": "THT logo", "image": "/INTERSHOP/static/WFS/Jumbo-Site/Grocery/Jumbo-Grocery/nl_NL/PIMProductBadge/tht-2+.png", "__typename": "Badge"}], "badgeDescription": "2+ dagen houdbaar", "customerAllergies": {"short": "", "__typename": "CustomerAllergies"}, "promotions": [], "surcharges": [], "__typename": "Product", "crossSells": [], "retailSetProducts": []}, {"id": "578005DS", "brand": "JUMBO", "category": "Aardappelen, groente en fruit", "subtitle": "150 g", "title": "Jumbo Fruitstukjes Cantaloupemeloen, Druif, Appel, Kiwi & Aardbei 150g", "image": "https://retrieval.dam-lite.prod.aws.jumbo.com/fit-in/360x360/Products/09082023_1691594179037_1691594196489_8718452698349_1.png", "inAssortment": true, "availability": {"availability": "AVAILABLE", "isAvailable": true, "label": null, "stockLimit": null, "__typename": "ProductAvailability"}, "sponsored": false, "auctionId": null, "link": "/producten/jumbo-fruitstukjes-cantaloupemeloen-druif-appel-kiwi-aardbei-150g-578005DS", "retailSet": false, "prices": {"price": 229, "promoPrice": null, "pricePerUnit": {"price": 1527, "unit": "kg", "__typename": "PricePerUnit"}, "__typename": "Price"}, "quantityDetails": {"maxAmount": 99, "minAmount": 1, "stepAmount": 1, "defaultAmount": 1, "__typename": "Quantity"}, "primaryBadge": [], "secondaryBadges": [], "badgeDescription": null, "customerAllergies": {"short": "", "__typename": "CustomerAllergies"}, "promotions": [{"id": "9396023-C-1", "group": "Seizoen", "isKiesAndMix": true, "image": "/INTERSHOP/static/WFS/Jumbo-Grocery-Site/-/Jumbo-Grocery/nl_NL/Images_Aanbiedingen/2023/Kies%20en%20Mix/KMgesnfruit.png", "tags": [{"text": "3 voor \u20ac 6,00", "inverse": false, "__typename": "PromotionTag"}], "start": {"dayShort": "vr", "date": 3, "monthShort": "nov", "__typename": "PromotionDateTime"}, "end": {"dayShort": "di", "date": 5, "monthShort": "dec", "__typename": "PromotionDateTime"}, "attachments": [{"type": "CustomBadge", "path": "/INTERSHOP/web/WFS/Jumbo-Grocery-Site/nl_NL/-/EUR/ViewPromotionAttachment-OpenFile?LocaleId=nl_NL&DirectoryPath=0003-Kies%26Mix&FileName=Kies_mix_nieuw.png&UnitName=Jumbo-Grocery", "__typename": "PromotionAttachment"}, {"type": "PromotionGroup-Badge", "path": "/INTERSHOP/web/WFS/Jumbo-Grocery-Site/nl_NL/-/EUR/ViewPromotionAttachment-OpenFile?unitName=Jumbo&LocaleId=nl_NL&DirectoryPath=PromotionBadges&FileName=Seizoen.svg", "__typename": "PromotionAttachment"}], "primaryBadge": [{"alt": "CustomBadge", "image": "/INTERSHOP/web/WFS/Jumbo-Grocery-Site/nl_NL/-/EUR/ViewPromotionAttachment-OpenFile?LocaleId=nl_NL&DirectoryPath=0003-Kies%26Mix&FileName=Kies_mix_nieuw.png&UnitName=Jumbo-Grocery", "__typename": "PromotionBadge"}, {"alt": "PromotionGroup-Badge", "image": "/INTERSHOP/web/WFS/Jumbo-Grocery-Site/nl_NL/-/EUR/ViewPromotionAttachment-OpenFile?unitName=Jumbo&LocaleId=nl_NL&DirectoryPath=PromotionBadges&FileName=Seizoen.svg", "__typename": "PromotionBadge"}], "__typename": "Promotion"}], "surcharges": [], "__typename": "Product", "crossSells": [], "retailSetProducts": []}, {"id": "384345CUP", "brand": "JUMBO", "category": "Vleeswaren, kaas en tapas", "subtitle": "250 g", "title": "Jumbo Gedroogde Abrikoos Biologisch 250g", "image": "https://retrieval.dam-lite.prod.aws.jumbo.com/fit-in/360x360/Products/09082023_1691587659008_1691587669775_8718452488513_1.png", "inAssortment": true, "availability": {"availability": "AVAILABLE", "isAvailable": true, "label": null, "stockLimit": null, "__typename": "ProductAvailability"}, "sponsored": false, "auctionId": null, "link": "/producten/jumbo-gedroogde-abrikoos-biologisch-250g-384345CUP", "retailSet": false, "prices": {"price": 392, "promoPrice": null, "pricePerUnit": {"price": 1568, "unit": "kg", "__typename": "PricePerUnit"}, "__typename": "Price"}, "quantityDetails": {"maxAmount": 99, "minAmount": 1, "stepAmount": 1, "defaultAmount": 1, "__typename": "Quantity"}, "primaryBadge": [], "secondaryBadges": [], "badgeDescription": null, "customerAllergies": {"short": "", "__typename": "CustomerAllergies"}, "promotions": [], "surcharges": [], "__typename": "Product", "crossSells": [], "retailSetProducts": []}, {"id": "299186ZK", "brand": "Jumbo", "category": "Aardappelen, groente en fruit", "subtitle": "150 g", "title": "Jumbo Fijnproeverssla Melange 150g", "image": "https://retrieval.dam-lite.prod.aws.jumbo.com/fit-in/360x360/Products/09082023_1691586882657_1691586895812_8718452413737_1.png", "inAssortment": true, "availability": {"availability": "AVAILABLE", "isAvailable": true, "label": null, "stockLimit": null, "__typename": "ProductAvailability"}, "sponsored": false, "auctionId": null, "link": "/producten/jumbo-fijnproeverssla-melange-150g-299186ZK", "retailSet": false, "prices": {"price": 275, "promoPrice": null, "pricePerUnit": {"price": 1833, "unit": "kg", "__typename": "PricePerUnit"}, "__typename": "Price"}, "quantityDetails": {"maxAmount": 99, "minAmount": 1, "stepAmount": 1, "defaultAmount": 1, "__typename": "Quantity"}, "primaryBadge": [], "secondaryBadges": [{"alt": "THT logo", "image": "/INTERSHOP/static/WFS/Jumbo-Site/Grocery/Jumbo-Grocery/nl_NL/PIMProductBadge/tht-2+.png", "__typename": "Badge"}], "badgeDescription": "2+ dagen houdbaar", "customerAllergies": {"short": "", "__typename": "CustomerAllergies"}, "promotions": [], "surcharges": [], "__typename": "Product", "crossSells": [], "retailSetProducts": []}, {"id": "557501DS", "brand": "JUMBO", "category": "Aardappelen, groente en fruit", "subtitle": "350 g", "title": "Jumbo Ananas Stukjes 350G", "image": "https://retrieval.dam-lite.prod.aws.jumbo.com/fit-in/360x360/Products/09082023_1691594176650_1691594188462_8718452698592_1.png", "inAssortment": true, "availability": {"availability": "AVAILABLE", "isAvailable": true, "label": null, "stockLimit": null, "__typename": "ProductAvailability"}, "sponsored": false, "auctionId": null, "link": "/producten/jumbo-ananas-stukjes-350g-557501DS", "retailSet": false, "prices": {"price": 300, "promoPrice": null, "pricePerUnit": {"price": 857, "unit": "kg", "__typename": "PricePerUnit"}, "__typename": "Price"}, "quantityDetails": {"maxAmount": 99, "minAmount": 1, "stepAmount": 1, "defaultAmount": 1, "__typename": "Quantity"}, "primaryBadge": [], "secondaryBadges": [], "badgeDescription": null, "customerAllergies": {"short": "", "__typename": "CustomerAllergies"}, "promotions": [{"id": "3771048-C-1", "group": "Week", "isKiesAndMix": false, "image": "/INTERSHOP/static/WFS/Jumbo-Grocery-Site/-/Jumbo-Grocery/nl_NL/Images_Aanbiedingen/2023/Weekaanbiedingen/Week%2045/Vers%20gesneden%20fruit_280px.png", "tags": [{"text": "2 voor \u20ac 4,50", "inverse": false, "__typename": "PromotionTag"}], "start": {"dayShort": "wo", "date": 8, "monthShort": "nov", "__typename": "PromotionDateTime"}, "end": {"dayShort": "di", "date": 14, "monthShort": "nov", "__typename": "PromotionDateTime"}, "attachments": [{"type": "PromotionGroup-Badge", "path": "/INTERSHOP/web/WFS/Jumbo-Grocery-Site/nl_NL/-/EUR/ViewPromotionAttachment-OpenFile?unitName=Jumbo&LocaleId=nl_NL&DirectoryPath=PromotionBadges&FileName=Week.svg", "__typename": "PromotionAttachment"}], "primaryBadge": [{"alt": "PromotionGroup-Badge", "image": "/INTERSHOP/web/WFS/Jumbo-Grocery-Site/nl_NL/-/EUR/ViewPromotionAttachment-OpenFile?unitName=Jumbo&LocaleId=nl_NL&DirectoryPath=PromotionBadges&FileName=Week.svg", "__typename": "PromotionBadge"}], "__typename": "Promotion"}], "surcharges": [], "__typename": "Product", "crossSells": [], "retailSetProducts": []}, {"id": "302247STK", "brand": null, "category": "Aardappelen, groente en fruit", "subtitle": null, "title": "Jumbo Kropsla", "image": "https://retrieval.dam-lite.prod.aws.jumbo.com/fit-in/360x360/Products/18092023_1695031386013_1695031394362_8710147743020_1.png", "inAssortment": true, "availability": {"availability": "AVAILABLE", "isAvailable": true, "label": null, "stockLimit": null, "__typename": "ProductAvailability"}, "sponsored": false, "auctionId": null, "link": "/producten/jumbo-kropsla-302247STK", "retailSet": false, "prices": {"price": 101, "promoPrice": null, "pricePerUnit": {"price": 101, "unit": "pieces", "__typename": "PricePerUnit"}, "__typename": "Price"}, "quantityDetails": {"maxAmount": 99, "minAmount": 1, "stepAmount": 1, "defaultAmount": 1, "__typename": "Quantity"}, "primaryBadge": [], "secondaryBadges": [{"alt": "Van dichtbij", "image": "/INTERSHOP/static/WFS/Jumbo-Site/Grocery/Jumbo-Grocery/nl_NL/PIMProductBadge/van-dichtbij.png", "__typename": "Badge"}], "badgeDescription": null, "customerAllergies": {"short": "", "__typename": "CustomerAllergies"}, "promotions": [], "surcharges": [], "__typename": "Product", "crossSells": [], "retailSetProducts": []}, {"id": "562790ZK", "brand": "JUMBO", "category": "Wereldkeukens, kruiden, pasta en rijst", "subtitle": "400 g", "title": "Jumbo Bloemkool Rijst 400g", "image": "https://retrieval.dam-lite.prod.aws.jumbo.com/fit-in/360x360/Products/562790_8718452571895_1_T1_452148ZK1691149004102.png", "inAssortment": true, "availability": {"availability": "AVAILABLE", "isAvailable": true, "label": null, "stockLimit": null, "__typename": "ProductAvailability"}, "sponsored": false, "auctionId": null, "link": "/producten/jumbo-bloemkool-rijst-400g-562790ZK", "retailSet": false, "prices": {"price": 209, "promoPrice": null, "pricePerUnit": {"price": 523, "unit": "kg", "__typename": "PricePerUnit"}, "__typename": "Price"}, "quantityDetails": {"maxAmount": 99, "minAmount": 1, "stepAmount": 1, "defaultAmount": 1, "__typename": "Quantity"}, "primaryBadge": [], "secondaryBadges": [{"alt": "THT logo", "image": "/INTERSHOP/static/WFS/Jumbo-Site/Grocery/Jumbo-Grocery/nl_NL/PIMProductBadge/tht-2+.png", "__typename": "Badge"}], "badgeDescription": "2+ dagen houdbaar", "customerAllergies": {"short": "", "__typename": "CustomerAllergies"}, "promotions": [], "surcharges": [], "__typename": "Product", "crossSells": [], "retailSetProducts": []}, {"id": "579863BAK", "brand": "Johma\u00ae", "category": "Aardappelen, groente en fruit", "subtitle": "300 g", "title": "Johma Twents kruidentuintje rauwkostsalade 6 x 300g", "image": "https://retrieval.dam-lite.prod.aws.jumbo.com/fit-in/360x360/Products/14092023_1694673242060_1694673251742_8710506088199_1.png", "inAssortment": true, "availability": {"availability": "AVAILABLE", "isAvailable": true, "label": null, "stockLimit": null, "__typename": "ProductAvailability"}, "sponsored": false, "auctionId": null, "link": "/producten/johma-twents-kruidentuintje-rauwkostsalade-6-x-300g-579863BAK", "retailSet": false, "prices": {"price": 279, "promoPrice": null, "pricePerUnit": {"price": 930, "unit": "kg", "__typename": "PricePerUnit"}, "__typename": "Price"}, "quantityDetails": {"maxAmount": 99, "minAmount": 1, "stepAmount": 1, "defaultAmount": 1, "__typename": "Quantity"}, "primaryBadge": [], "secondaryBadges": [{"alt": "THT logo", "image": "/INTERSHOP/static/WFS/Jumbo-Site/Grocery/Jumbo-Grocery/nl_NL/PIMProductBadge/tht-9+.png", "__typename": "Badge"}], "badgeDescription": "9+ dagen houdbaar", "customerAllergies": {"short": "", "__typename": "CustomerAllergies"}, "promotions": [], "surcharges": [], "__typename": "Product", "crossSells": [], "retailSetProducts": []}, {"id": "192040ZK", "brand": "Jumbo", "category": "Koek, snoep, chocolade en chips", "subtitle": "125 g", "title": "Jumbo Zonnebloempitten 125g", "image": "https://retrieval.dam-lite.prod.aws.jumbo.com/fit-in/360x360/Products/09082023_1691584439975_1691584452304_8718452236138_1.png", "inAssortment": true, "availability": {"availability": "AVAILABLE", "isAvailable": true, "label": null, "stockLimit": null, "__typename": "ProductAvailability"}, "sponsored": false, "auctionId": null, "link": "/producten/jumbo-zonnebloempitten-125g-192040ZK", "retailSet": false, "prices": {"price": 328, "promoPrice": null, "pricePerUnit": {"price": 2624, "unit": "kg", "__typename": "PricePerUnit"}, "__typename": "Price"}, "quantityDetails": {"maxAmount": 99, "minAmount": 1, "stepAmount": 1, "defaultAmount": 1, "__typename": "Quantity"}, "primaryBadge": [], "secondaryBadges": [], "badgeDescription": null, "customerAllergies": {"short": "", "__typename": "CustomerAllergies"}, "promotions": [], "surcharges": [], "__typename": "Product", "crossSells": [], "retailSetProducts": []}, {"id": "457571TRA", "brand": "JUMBO", "category": "Aardappelen, groente en fruit", "subtitle": "400 g", "title": "Jumbo Ovenschotel Zoete Aardappel met Rozemarijn & Knoflook 400g", "image": "https://retrieval.dam-lite.prod.aws.jumbo.com/fit-in/360x360/Products/10082023_1691675622910_1691675638205_8718452606078_1.png", "inAssortment": true, "availability": {"availability": "AVAILABLE", "isAvailable": true, "label": null, "stockLimit": null, "__typename": "ProductAvailability"}, "sponsored": false, "auctionId": null, "link": "/producten/jumbo-ovenschotel-zoete-aardappel-met-rozemarijn-knoflook-400g-457571TRA", "retailSet": false, "prices": {"price": 239, "promoPrice": null, "pricePerUnit": {"price": 598, "unit": "kg", "__typename": "PricePerUnit"}, "__typename": "Price"}, "quantityDetails": {"maxAmount": 99, "minAmount": 1, "stepAmount": 1, "defaultAmount": 1, "__typename": "Quantity"}, "primaryBadge": [], "secondaryBadges": [{"alt": "THT logo", "image": "/INTERSHOP/static/WFS/Jumbo-Site/Grocery/Jumbo-Grocery/nl_NL/PIMProductBadge/tht-10+.png", "__typename": "Badge"}], "badgeDescription": "10+ dagen houdbaar", "customerAllergies": {"short": "", "__typename": "CustomerAllergies"}, "promotions": [], "surcharges": [], "__typename": "Product", "crossSells": [], "retailSetProducts": []}, {"id": "391893ZK", "brand": "JUMBO", "category": "Aardappelen, groente en fruit", "subtitle": "600 g", "title": "Jumbo Bistro Mini Krieltjes 600g", "image": "https://retrieval.dam-lite.prod.aws.jumbo.com/fit-in/360x360/Products/18092023_1695060773913_1695060782955_8718452309238_1.png", "inAssortment": true, "availability": {"availability": "AVAILABLE", "isAvailable": true, "label": null, "stockLimit": null, "__typename": "ProductAvailability"}, "sponsored": false, "auctionId": null, "link": "/producten/jumbo-bistro-mini-krieltjes-600g-391893ZK", "retailSet": false, "prices": {"price": 123, "promoPrice": null, "pricePerUnit": {"price": 205, "unit": "kg", "__typename": "PricePerUnit"}, "__typename": "Price"}, "quantityDetails": {"maxAmount": 99, "minAmount": 1, "stepAmount": 1, "defaultAmount": 1, "__typename": "Quantity"}, "primaryBadge": [], "secondaryBadges": [{"alt": "THT logo", "image": "/INTERSHOP/static/WFS/Jumbo-Site/Grocery/Jumbo-Grocery/nl_NL/PIMProductBadge/tht-2+.png", "__typename": "Badge"}], "badgeDescription": "2+ dagen houdbaar", "customerAllergies": {"short": "", "__typename": "CustomerAllergies"}, "promotions": [], "surcharges": [], "__typename": "Product", "crossSells": [{"sku": "498737FLS", "__typename": "Product"}, {"sku": "476941FLS", "__typename": "Product"}], "retailSetProducts": []}, {"id": "532722ZK", "brand": "JUMBO", "category": "Aardappelen, groente en fruit", "subtitle": "500 g", "title": "Jumbo Fijngesneden Andijvie Voordeelverpakking 500g", "image": "https://retrieval.dam-lite.prod.aws.jumbo.com/fit-in/360x360/Products/10082023_1691677612159_1691677624518_8718452648177_1.png", "inAssortment": true, "availability": {"availability": "AVAILABLE", "isAvailable": true, "label": null, "stockLimit": null, "__typename": "ProductAvailability"}, "sponsored": false, "auctionId": null, "link": "/producten/jumbo-fijngesneden-andijvie-voordeelverpakking-500g-532722ZK", "retailSet": false, "prices": {"price": 245, "promoPrice": null, "pricePerUnit": {"price": 490, "unit": "kg", "__typename": "PricePerUnit"}, "__typename": "Price"}, "quantityDetails": {"maxAmount": 99, "minAmount": 1, "stepAmount": 1, "defaultAmount": 1, "__typename": "Quantity"}, "primaryBadge": [], "secondaryBadges": [{"alt": "THT logo", "image": "/INTERSHOP/static/WFS/Jumbo-Site/Grocery/Jumbo-Grocery/nl_NL/PIMProductBadge/tht-1+.png", "__typename": "Badge"}], "badgeDescription": "1+ dagen houdbaar", "customerAllergies": {"short": "", "__typename": "CustomerAllergies"}, "promotions": [], "surcharges": [], "__typename": "Product", "crossSells": [{"sku": "82598KGR", "__typename": "Product"}, {"sku": "92452TRA", "__typename": "Product"}, {"sku": "547365TRA", "__typename": "Product"}, {"sku": "392327ZK", "__typename": "Product"}, {"sku": "413479ZK", "__typename": "Product"}, {"sku": "212150STK", "__typename": "Product"}], "retailSetProducts": []}, {"id": "532129FLS", "brand": "JUMBO", "category": "Aardappelen, groente en fruit", "subtitle": "500 ML", "title": "Jumbo Verse Smoothie Mango & Passievrucht 500ML", "image": "https://retrieval.dam-lite.prod.aws.jumbo.com/fit-in/360x360/Products/532129_8718452668878_1_T1_336766FLS1691078174461.png", "inAssortment": true, "availability": {"availability": "AVAILABLE", "isAvailable": true, "label": null, "stockLimit": null, "__typename": "ProductAvailability"}, "sponsored": false, "auctionId": null, "link": "/producten/jumbo-verse-smoothie-mango-passievrucht-500ml-532129FLS", "retailSet": false, "prices": {"price": 247, "promoPrice": null, "pricePerUnit": {"price": 494, "unit": "l", "__typename": "PricePerUnit"}, "__typename": "Price"}, "quantityDetails": {"maxAmount": 99, "minAmount": 1, "stepAmount": 1, "defaultAmount": 1, "__typename": "Quantity"}, "primaryBadge": [], "secondaryBadges": [{"alt": "THT logo", "image": "/INTERSHOP/static/WFS/Jumbo-Site/Grocery/Jumbo-Grocery/nl_NL/PIMProductBadge/tht-10+.png", "__typename": "Badge"}], "badgeDescription": "10+ dagen houdbaar", "customerAllergies": {"short": "", "__typename": "CustomerAllergies"}, "promotions": [], "surcharges": [], "__typename": "Product", "crossSells": [], "retailSetProducts": []}, {"id": "415551SC", "brand": "Jumbo", "category": "Aardappelen, groente en fruit", "subtitle": "6 stuks", "title": "Jumbo Passie Fruit 6 Stuks", "image": "https://retrieval.dam-lite.prod.aws.jumbo.com/fit-in/360x360/Products/09082023_1691586741198_1691586752686_8718452468317_1.png", "inAssortment": true, "availability": {"availability": "AVAILABLE", "isAvailable": true, "label": null, "stockLimit": null, "__typename": "ProductAvailability"}, "sponsored": false, "auctionId": null, "link": "/producten/jumbo-passie-fruit-6-stuks-415551SC", "retailSet": false, "prices": {"price": 349, "promoPrice": null, "pricePerUnit": {"price": 58, "unit": "pieces", "__typename": "PricePerUnit"}, "__typename": "Price"}, "quantityDetails": {"maxAmount": 99, "minAmount": 1, "stepAmount": 1, "defaultAmount": 1, "__typename": "Quantity"}, "primaryBadge": [], "secondaryBadges": [], "badgeDescription": null, "customerAllergies": {"short": "", "__typename": "CustomerAllergies"}, "promotions": [], "surcharges": [], "__typename": "Product", "crossSells": [], "retailSetProducts": []}, {"id": "300471ZK", "brand": "Jumbo", "category": "Aardappelen, groente en fruit", "subtitle": "400 G", "title": "Jumbo Kleine Spruiten 400g", "image": "https://retrieval.dam-lite.prod.aws.jumbo.com/fit-in/360x360/Products/18092023_1695031625824_1695031643088_8711715818980_1.png", "inAssortment": true, "availability": {"availability": "AVAILABLE", "isAvailable": true, "label": null, "stockLimit": null, "__typename": "ProductAvailability"}, "sponsored": false, "auctionId": null, "link": "/producten/jumbo-kleine-spruiten-400g-300471ZK", "retailSet": false, "prices": {"price": 119, "promoPrice": null, "pricePerUnit": {"price": 298, "unit": "kg", "__typename": "PricePerUnit"}, "__typename": "Price"}, "quantityDetails": {"maxAmount": 99, "minAmount": 1, "stepAmount": 1, "defaultAmount": 1, "__typename": "Quantity"}, "primaryBadge": [], "secondaryBadges": [{"alt": "THT logo", "image": "/INTERSHOP/static/WFS/Jumbo-Site/Grocery/Jumbo-Grocery/nl_NL/PIMProductBadge/tht-1+.png", "__typename": "Badge"}, {"alt": "NIEUW", "image": "/INTERSHOP/static/WFS/Jumbo-Site/Grocery/Jumbo-Grocery/nl_NL/PIMProductBadge/nieuw.png", "__typename": "Badge"}], "badgeDescription": "1+ dagen houdbaar", "customerAllergies": {"short": "", "__typename": "CustomerAllergies"}, "promotions": [], "surcharges": [], "__typename": "Product", "crossSells": [], "retailSetProducts": []}, {"id": "573401ZK", "brand": "C\u00ealaV\u00edta", "category": "Aardappelen, groente en fruit", "subtitle": "700 g", "title": "C\u00ealaV\u00edta Oma's Echt Verse Patat met Schil 700g", "image": "https://retrieval.dam-lite.prod.aws.jumbo.com/fit-in/360x360/Products/12102023_1697099642056_1697099653221_8710556813949_1.png", "inAssortment": true, "availability": {"availability": "AVAILABLE", "isAvailable": true, "label": null, "stockLimit": null, "__typename": "ProductAvailability"}, "sponsored": false, "auctionId": null, "link": "/producten/celavita-oma-s-echt-verse-patat-met-schil-700g-573401ZK", "retailSet": false, "prices": {"price": 197, "promoPrice": null, "pricePerUnit": {"price": 281, "unit": "kg", "__typename": "PricePerUnit"}, "__typename": "Price"}, "quantityDetails": {"maxAmount": 99, "minAmount": 1, "stepAmount": 1, "defaultAmount": 1, "__typename": "Quantity"}, "primaryBadge": [], "secondaryBadges": [{"alt": "THT logo", "image": "/INTERSHOP/static/WFS/Jumbo-Site/Grocery/Jumbo-Grocery/nl_NL/PIMProductBadge/tht-2+.png", "__typename": "Badge"}], "badgeDescription": "2+ dagen houdbaar", "customerAllergies": {"short": "", "__typename": "CustomerAllergies"}, "promotions": [], "surcharges": [], "__typename": "Product", "crossSells": [], "retailSetProducts": []}, {"id": "187036PAK", "brand": "Dole", "category": "Aardappelen, groente en fruit", "subtitle": "4 x 113 g", "title": "Dole Fruit in Juice Tropisch Fruit 4 x 113g", "image": "https://retrieval.dam-lite.prod.aws.jumbo.com/fit-in/360x360/Products/09082023_1691595387928_1691595390586_38900030414_1.png", "inAssortment": true, "availability": {"availability": "AVAILABLE", "isAvailable": true, "label": null, "stockLimit": null, "__typename": "ProductAvailability"}, "sponsored": false, "auctionId": null, "link": "/producten/dole-fruit-in-juice-tropisch-fruit-4-x-113g-187036PAK", "retailSet": false, "prices": {"price": 419, "promoPrice": null, "pricePerUnit": {"price": 1587, "unit": "kg", "__typename": "PricePerUnit"}, "__typename": "Price"}, "quantityDetails": {"maxAmount": 99, "minAmount": 1, "stepAmount": 1, "defaultAmount": 1, "__typename": "Quantity"}, "primaryBadge": [], "secondaryBadges": [], "badgeDescription": null, "customerAllergies": {"short": "", "__typename": "CustomerAllergies"}, "promotions": [], "surcharges": [], "__typename": "Product", "crossSells": [], "retailSetProducts": []}, {"id": "452631CUP", "brand": "QUALINO", "category": "Vleeswaren, kaas en tapas", "subtitle": "150 g", "title": "Qualino Dadels zonder Pit 150g", "image": "https://retrieval.dam-lite.prod.aws.jumbo.com/fit-in/360x360/Products/452631_8710195032886_1_T1_384903TRA1691074088875.png", "inAssortment": true, "availability": {"availability": "AVAILABLE", "isAvailable": true, "label": null, "stockLimit": null, "__typename": "ProductAvailability"}, "sponsored": false, "auctionId": null, "link": "/producten/qualino-dadels-zonder-pit-150g-452631CUP", "retailSet": false, "prices": {"price": 149, "promoPrice": null, "pricePerUnit": {"price": 993, "unit": "kg", "__typename": "PricePerUnit"}, "__typename": "Price"}, "quantityDetails": {"maxAmount": 99, "minAmount": 1, "stepAmount": 1, "defaultAmount": 1, "__typename": "Quantity"}, "primaryBadge": [], "secondaryBadges": [], "badgeDescription": null, "customerAllergies": {"short": "", "__typename": "CustomerAllergies"}, "promotions": [], "surcharges": [], "__typename": "Product", "crossSells": [], "retailSetProducts": []}, {"id": "465535ZK", "brand": "JUMBO", "category": "Aardappelen, groente en fruit", "subtitle": "100 g", "title": "Jumbo Melange Mesclun Gewassen 100g", "image": "https://retrieval.dam-lite.prod.aws.jumbo.com/fit-in/360x360/Products/09082023_1691589292145_1691589301316_8718452594436_1.png", "inAssortment": true, "availability": {"availability": "AVAILABLE", "isAvailable": true, "label": null, "stockLimit": null, "__typename": "ProductAvailability"}, "sponsored": false, "auctionId": null, "link": "/producten/jumbo-melange-mesclun-gewassen-100g-465535ZK", "retailSet": false, "prices": {"price": 259, "promoPrice": null, "pricePerUnit": {"price": 2590, "unit": "kg", "__typename": "PricePerUnit"}, "__typename": "Price"}, "quantityDetails": {"maxAmount": 99, "minAmount": 1, "stepAmount": 1, "defaultAmount": 1, "__typename": "Quantity"}, "primaryBadge": [], "secondaryBadges": [{"alt": "THT logo", "image": "/INTERSHOP/static/WFS/Jumbo-Site/Grocery/Jumbo-Grocery/nl_NL/PIMProductBadge/tht-2+.png", "__typename": "Badge"}], "badgeDescription": "2+ dagen houdbaar", "customerAllergies": {"short": "", "__typename": "CustomerAllergies"}, "promotions": [], "surcharges": [], "__typename": "Product", "crossSells": [], "retailSetProducts": []}, {"id": "306040SC", "brand": "Jumbo", "category": "Aardappelen, groente en fruit", "subtitle": "4 stuks", "title": "Jumbo Granny Smith Appels 4 Stuks", "image": "https://retrieval.dam-lite.prod.aws.jumbo.com/fit-in/360x360/Products/09082023_1691586974054_1691586987229_8718452396528_1.png", "inAssortment": true, "availability": {"availability": "AVAILABLE", "isAvailable": true, "label": null, "stockLimit": null, "__typename": "ProductAvailability"}, "sponsored": false, "auctionId": null, "link": "/producten/jumbo-granny-smith-appels-4-stuks-306040SC", "retailSet": false, "prices": {"price": 299, "promoPrice": null, "pricePerUnit": {"price": 75, "unit": "pieces", "__typename": "PricePerUnit"}, "__typename": "Price"}, "quantityDetails": {"maxAmount": 99, "minAmount": 1, "stepAmount": 1, "defaultAmount": 1, "__typename": "Quantity"}, "primaryBadge": [], "secondaryBadges": [], "badgeDescription": null, "customerAllergies": {"short": "", "__typename": "CustomerAllergies"}, "promotions": [], "surcharges": [], "__typename": "Product", "crossSells": [], "retailSetProducts": []}, {"id": "547486ZK", "brand": "JUMBO", "category": "Aardappelen, groente en fruit", "subtitle": "1 kg", "title": "Jumbo Verse Boerenfriet met Schil 1kg", "image": "https://retrieval.dam-lite.prod.aws.jumbo.com/fit-in/360x360/Products/10082023_1691677981998_1691678000052_8718452705160_1.png", "inAssortment": true, "availability": {"availability": "AVAILABLE", "isAvailable": true, "label": null, "stockLimit": null, "__typename": "ProductAvailability"}, "sponsored": false, "auctionId": null, "link": "/producten/jumbo-verse-boerenfriet-met-schil-1kg-547486ZK", "retailSet": false, "prices": {"price": 249, "promoPrice": null, "pricePerUnit": {"price": 249, "unit": "kg", "__typename": "PricePerUnit"}, "__typename": "Price"}, "quantityDetails": {"maxAmount": 99, "minAmount": 1, "stepAmount": 1, "defaultAmount": 1, "__typename": "Quantity"}, "primaryBadge": [], "secondaryBadges": [{"alt": "THT logo", "image": "/INTERSHOP/static/WFS/Jumbo-Site/Grocery/Jumbo-Grocery/nl_NL/PIMProductBadge/tht-5+.png", "__typename": "Badge"}], "badgeDescription": "5+ dagen houdbaar", "customerAllergies": {"short": "", "__typename": "CustomerAllergies"}, "promotions": [], "surcharges": [], "__typename": "Product", "crossSells": [], "retailSetProducts": []}, {"id": "307722DS", "brand": "Jumbo", "category": "Aardappelen, groente en fruit", "subtitle": "225 g", "title": "Jumbo Diepvries Aardbeien Biologisch 225g", "image": "https://retrieval.dam-lite.prod.aws.jumbo.com/fit-in/360x360/Products/09082023_1691586654539_1691586675272_8718452431595_1.png", "inAssortment": true, "availability": {"availability": "AVAILABLE", "isAvailable": true, "label": null, "stockLimit": null, "__typename": "ProductAvailability"}, "sponsored": false, "auctionId": null, "link": "/producten/jumbo-diepvries-aardbeien-biologisch-225g-307722DS", "retailSet": false, "prices": {"price": 219, "promoPrice": null, "pricePerUnit": {"price": 876, "unit": "kg", "__typename": "PricePerUnit"}, "__typename": "Price"}, "quantityDetails": {"maxAmount": 99, "minAmount": 1, "stepAmount": 1, "defaultAmount": 1, "__typename": "Quantity"}, "primaryBadge": [], "secondaryBadges": [{"alt": "Vriesvers", "image": "/INTERSHOP/static/WFS/Jumbo-Site/Grocery/Jumbo-Grocery/nl_NL/PIMProductBadge/sticker-freeze-51x51.png", "__typename": "Badge"}], "badgeDescription": null, "customerAllergies": {"short": "", "__typename": "CustomerAllergies"}, "promotions": [], "surcharges": [], "__typename": "Product", "crossSells": [], "retailSetProducts": []}, {"id": "306029DS", "brand": "JUMBO", "category": "Aardappelen, groente en fruit", "subtitle": "300 G", "title": "Jumbo Blauwe Bessen 300g", "image": "https://retrieval.dam-lite.prod.aws.jumbo.com/fit-in/360x360/Products/29092023_1695995099553_1695995113935_8718452460885_1.png", "inAssortment": true, "availability": {"availability": "AVAILABLE", "isAvailable": true, "label": null, "stockLimit": null, "__typename": "ProductAvailability"}, "sponsored": false, "auctionId": null, "link": "/producten/jumbo-blauwe-bessen-300g-306029DS", "retailSet": false, "prices": {"price": 529, "promoPrice": 349, "pricePerUnit": {"price": 1163, "unit": "kg", "__typename": "PricePerUnit"}, "__typename": "Price"}, "quantityDetails": {"maxAmount": 99, "minAmount": 1, "stepAmount": 1, "defaultAmount": 1, "__typename": "Quantity"}, "primaryBadge": [], "secondaryBadges": [], "badgeDescription": null, "customerAllergies": {"short": "", "__typename": "CustomerAllergies"}, "promotions": [{"id": "3985002-A-1", "group": "Week", "isKiesAndMix": false, "image": "/INTERSHOP/static/WFS/Jumbo-Grocery-Site/-/Jumbo-Grocery/nl_NL/Images_Aanbiedingen/2023/Weekaanbiedingen/Week%2045/Blauwe%20bessen_280px.png", "tags": [{"text": "1 voor \u20ac 3,49", "inverse": false, "__typename": "PromotionTag"}], "start": {"dayShort": "wo", "date": 8, "monthShort": "nov", "__typename": "PromotionDateTime"}, "end": {"dayShort": "di", "date": 14, "monthShort": "nov", "__typename": "PromotionDateTime"}, "attachments": [{"type": "PromotionGroup-Badge", "path": "/INTERSHOP/web/WFS/Jumbo-Grocery-Site/nl_NL/-/EUR/ViewPromotionAttachment-OpenFile?unitName=Jumbo&LocaleId=nl_NL&DirectoryPath=PromotionBadges&FileName=Week.svg", "__typename": "PromotionAttachment"}], "primaryBadge": [{"alt": "PromotionGroup-Badge", "image": "/INTERSHOP/web/WFS/Jumbo-Grocery-Site/nl_NL/-/EUR/ViewPromotionAttachment-OpenFile?unitName=Jumbo&LocaleId=nl_NL&DirectoryPath=PromotionBadges&FileName=Week.svg", "__typename": "PromotionBadge"}], "__typename": "Promotion"}], "surcharges": [], "__typename": "Product", "crossSells": [], "retailSetProducts": []}, {"id": "388588STK", "brand": null, "category": "Aardappelen, groente en fruit", "subtitle": "150 g", "title": "Granaatappel 1 Stuk", "image": "https://retrieval.dam-lite.prod.aws.jumbo.com/fit-in/360x360/Products/18092023_1695031434085_1695031443456_25003369_1.png", "inAssortment": true, "availability": {"availability": "AVAILABLE", "isAvailable": true, "label": null, "stockLimit": null, "__typename": "ProductAvailability"}, "sponsored": false, "auctionId": null, "link": "/producten/granaatappel-1-stuk-388588STK", "retailSet": false, "prices": {"price": 129, "promoPrice": null, "pricePerUnit": {"price": 129, "unit": "pieces", "__typename": "PricePerUnit"}, "__typename": "Price"}, "quantityDetails": {"maxAmount": 99, "minAmount": 1, "stepAmount": 1, "defaultAmount": 1, "__typename": "Quantity"}, "primaryBadge": [], "secondaryBadges": [], "badgeDescription": null, "customerAllergies": {"short": "", "__typename": "CustomerAllergies"}, "promotions": [], "surcharges": [], "__typename": "Product", "crossSells": [], "retailSetProducts": []}, {"id": "530999FLS", "brand": "JUMBO", "category": "Frisdrank en sappen", "subtitle": "250 ml", "title": "Jumbo Vers Groentesap Wortel, Appel & Gember 250ML", "image": "https://retrieval.dam-lite.prod.aws.jumbo.com/fit-in/360x360/Products/530999_8718452668915_1_T1_443527FLS1691076593486.png", "inAssortment": true, "availability": {"availability": "AVAILABLE", "isAvailable": true, "label": null, "stockLimit": null, "__typename": "ProductAvailability"}, "sponsored": false, "auctionId": null, "link": "/producten/jumbo-vers-groentesap-wortel-appel-gember-250ml-530999FLS", "retailSet": false, "prices": {"price": 189, "promoPrice": null, "pricePerUnit": {"price": 756, "unit": "l", "__typename": "PricePerUnit"}, "__typename": "Price"}, "quantityDetails": {"maxAmount": 99, "minAmount": 1, "stepAmount": 1, "defaultAmount": 1, "__typename": "Quantity"}, "primaryBadge": [], "secondaryBadges": [{"alt": "THT logo", "image": "/INTERSHOP/static/WFS/Jumbo-Site/Grocery/Jumbo-Grocery/nl_NL/PIMProductBadge/tht-10+.png", "__typename": "Badge"}], "badgeDescription": "10+ dagen houdbaar", "customerAllergies": {"short": "", "__typename": "CustomerAllergies"}, "promotions": [], "surcharges": [], "__typename": "Product", "crossSells": [], "retailSetProducts": []}, {"id": "551855ZK", "brand": "JUMBO", "category": "Aardappelen, groente en fruit", "subtitle": "450 g", "title": "Jumbo Paprikasmaak Mini Krieltjes 450g", "image": "https://retrieval.dam-lite.prod.aws.jumbo.com/fit-in/360x360/Products/09082023_1691594061015_1691594073464_8718452697663_1.png", "inAssortment": true, "availability": {"availability": "AVAILABLE", "isAvailable": true, "label": null, "stockLimit": null, "__typename": "ProductAvailability"}, "sponsored": false, "auctionId": null, "link": "/producten/jumbo-paprikasmaak-mini-krieltjes-450g-551855ZK", "retailSet": false, "prices": {"price": 109, "promoPrice": null, "pricePerUnit": {"price": 242, "unit": "kg", "__typename": "PricePerUnit"}, "__typename": "Price"}, "quantityDetails": {"maxAmount": 99, "minAmount": 1, "stepAmount": 1, "defaultAmount": 1, "__typename": "Quantity"}, "primaryBadge": [], "secondaryBadges": [{"alt": "THT logo", "image": "/INTERSHOP/static/WFS/Jumbo-Site/Grocery/Jumbo-Grocery/nl_NL/PIMProductBadge/tht-2+.png", "__typename": "Badge"}], "badgeDescription": "2+ dagen houdbaar", "customerAllergies": {"short": "", "__typename": "CustomerAllergies"}, "promotions": [], "surcharges": [], "__typename": "Product", "crossSells": [], "retailSetProducts": []}, {"id": "501899ZK", "brand": "JUMBO", "category": "Koek, snoep, chocolade en chips", "subtitle": "175 g", "title": "Jumbo Biologisch Ongebrande Hazelnoten 175g", "image": "https://retrieval.dam-lite.prod.aws.jumbo.com/fit-in/360x360/Products/501899_8718452633616_1_T1_501899ZK1691135872505.png", "inAssortment": true, "availability": {"availability": "AVAILABLE", "isAvailable": true, "label": null, "stockLimit": null, "__typename": "ProductAvailability"}, "sponsored": false, "auctionId": null, "link": "/producten/jumbo-biologisch-ongebrande-hazelnoten-175g-501899ZK", "retailSet": false, "prices": {"price": 349, "promoPrice": null, "pricePerUnit": {"price": 1994, "unit": "kg", "__typename": "PricePerUnit"}, "__typename": "Price"}, "quantityDetails": {"maxAmount": 99, "minAmount": 1, "stepAmount": 1, "defaultAmount": 1, "__typename": "Quantity"}, "primaryBadge": [], "secondaryBadges": [], "badgeDescription": null, "customerAllergies": {"short": "", "__typename": "CustomerAllergies"}, "promotions": [], "surcharges": [], "__typename": "Product", "crossSells": [], "retailSetProducts": []}, {"id": "392550ZK", "brand": "JUMBO", "category": "Aardappelen, groente en fruit", "subtitle": "750 g", "title": "Jumbo Biologisch Zoete Aardappel 750g", "image": "https://retrieval.dam-lite.prod.aws.jumbo.com/fit-in/360x360/Products/29092023_1695995409817_1695995414435_8718452520244_1.png", "inAssortment": true, "availability": {"availability": "AVAILABLE", "isAvailable": true, "label": null, "stockLimit": null, "__typename": "ProductAvailability"}, "sponsored": false, "auctionId": null, "link": "/producten/jumbo-biologisch-zoete-aardappel-750g-392550ZK", "retailSet": false, "prices": {"price": 299, "promoPrice": null, "pricePerUnit": {"price": 399, "unit": "kg", "__typename": "PricePerUnit"}, "__typename": "Price"}, "quantityDetails": {"maxAmount": 99, "minAmount": 1, "stepAmount": 1, "defaultAmount": 1, "__typename": "Quantity"}, "primaryBadge": [], "secondaryBadges": [], "badgeDescription": null, "customerAllergies": {"short": "", "__typename": "CustomerAllergies"}, "promotions": [], "surcharges": [], "__typename": "Product", "crossSells": [], "retailSetProducts": []}, {"id": "557793NET", "brand": "JUMBO", "category": "Aardappelen, groente en fruit", "subtitle": "4 stuks", "title": "Jumbo Fijnproevers Pitloze Citroenen 4 Stuks", "image": "https://retrieval.dam-lite.prod.aws.jumbo.com/fit-in/360x360/Products/25082023_1692974047076_1692974055352_8718452728527_1.png", "inAssortment": true, "availability": {"availability": "AVAILABLE", "isAvailable": true, "label": null, "stockLimit": null, "__typename": "ProductAvailability"}, "sponsored": false, "auctionId": null, "link": "/producten/jumbo-fijnproevers-pitloze-citroenen-4-stuks-557793NET", "retailSet": false, "prices": {"price": 199, "promoPrice": null, "pricePerUnit": {"price": 50, "unit": "pieces", "__typename": "PricePerUnit"}, "__typename": "Price"}, "quantityDetails": {"maxAmount": 99, "minAmount": 1, "stepAmount": 1, "defaultAmount": 1, "__typename": "Quantity"}, "primaryBadge": [], "secondaryBadges": [], "badgeDescription": null, "customerAllergies": {"short": "", "__typename": "CustomerAllergies"}, "promotions": [], "surcharges": [], "__typename": "Product", "crossSells": [], "retailSetProducts": []}, {"id": "191667ZK", "brand": "Jumbo", "category": "Conserven, soepen, sauzen, oli\u00ebn", "subtitle": "400 g", "title": "Jumbo Gedroogde Witte Bonen 400g", "image": "https://retrieval.dam-lite.prod.aws.jumbo.com/fit-in/360x360/Products/09082023_1691584439079_1691584471567_8718452252589_1.png", "inAssortment": true, "availability": {"availability": "AVAILABLE", "isAvailable": true, "label": null, "stockLimit": null, "__typename": "ProductAvailability"}, "sponsored": false, "auctionId": null, "link": "/producten/jumbo-gedroogde-witte-bonen-400g-191667ZK", "retailSet": false, "prices": {"price": 115, "promoPrice": null, "pricePerUnit": {"price": 288, "unit": "kg", "__typename": "PricePerUnit"}, "__typename": "Price"}, "quantityDetails": {"maxAmount": 99, "minAmount": 1, "stepAmount": 1, "defaultAmount": 1, "__typename": "Quantity"}, "primaryBadge": [], "secondaryBadges": [], "badgeDescription": null, "customerAllergies": {"short": "", "__typename": "CustomerAllergies"}, "promotions": [], "surcharges": [], "__typename": "Product", "crossSells": [], "retailSetProducts": []}, {"id": "532016FLS", "brand": "Jumbo", "category": "Aardappelen, groente en fruit", "subtitle": "500 ml", "title": "Jumbo Vers Groentesap Avocado, Spinazie, Komkommer, Appel & Peer 500ML", "image": "https://retrieval.dam-lite.prod.aws.jumbo.com/fit-in/360x360/Products/532016_8718452668779_1_T1_213807FLS1691078337791.png", "inAssortment": true, "availability": {"availability": "AVAILABLE", "isAvailable": true, "label": null, "stockLimit": null, "__typename": "ProductAvailability"}, "sponsored": false, "auctionId": null, "link": "/producten/jumbo-vers-groentesap-avocado-spinazie-komkommer-appel-peer-500ml-532016FLS", "retailSet": false, "prices": {"price": 249, "promoPrice": null, "pricePerUnit": {"price": 498, "unit": "l", "__typename": "PricePerUnit"}, "__typename": "Price"}, "quantityDetails": {"maxAmount": 99, "minAmount": 1, "stepAmount": 1, "defaultAmount": 1, "__typename": "Quantity"}, "primaryBadge": [], "secondaryBadges": [{"alt": "THT logo", "image": "/INTERSHOP/static/WFS/Jumbo-Site/Grocery/Jumbo-Grocery/nl_NL/PIMProductBadge/tht-10+.png", "__typename": "Badge"}], "badgeDescription": "10+ dagen houdbaar", "customerAllergies": {"short": "", "__typename": "CustomerAllergies"}, "promotions": [], "surcharges": [], "__typename": "Product", "crossSells": [], "retailSetProducts": []}, {"id": "560946FLS", "brand": "innocent\u00ae", "category": "Aardappelen, groente en fruit", "subtitle": "750 ml", "title": "Innocent Super Smoothie Revitalise 750ML", "image": "https://retrieval.dam-lite.prod.aws.jumbo.com/fit-in/360x360/Products/10082023_1691678363155_1691678373932_5038862001120_1.png", "inAssortment": true, "availability": {"availability": "AVAILABLE", "isAvailable": true, "label": null, "stockLimit": null, "__typename": "ProductAvailability"}, "sponsored": false, "auctionId": null, "link": "/producten/innocent-super-smoothie-revitalise-750ml-560946FLS", "retailSet": false, "prices": {"price": 375, "promoPrice": null, "pricePerUnit": {"price": 500, "unit": "l", "__typename": "PricePerUnit"}, "__typename": "Price"}, "quantityDetails": {"maxAmount": 99, "minAmount": 1, "stepAmount": 1, "defaultAmount": 1, "__typename": "Quantity"}, "primaryBadge": [], "secondaryBadges": [{"alt": "THT logo", "image": "/INTERSHOP/static/WFS/Jumbo-Site/Grocery/Jumbo-Grocery/nl_NL/PIMProductBadge/tht-8+.png", "__typename": "Badge"}], "badgeDescription": "8+ dagen houdbaar", "customerAllergies": {"short": "", "__typename": "CustomerAllergies"}, "promotions": [], "surcharges": [], "__typename": "Product", "crossSells": [], "retailSetProducts": []}, {"id": "578006DS", "brand": "JUMBO", "category": "Aardappelen, groente en fruit", "subtitle": "200 G", "title": "Jumbo Mango stukjes 200g", "image": "https://retrieval.dam-lite.prod.aws.jumbo.com/fit-in/360x360/Products/09082023_1691594723294_1691594729337_8718452698523_1.png", "inAssortment": true, "availability": {"availability": "TEMPORARILY_UNAVAILABLE", "isAvailable": false, "label": "Niet leverbaar", "stockLimit": null, "__typename": "ProductAvailability"}, "sponsored": false, "auctionId": null, "link": "/producten/jumbo-mango-stukjes-200g-578006DS", "retailSet": false, "prices": {"price": 329, "promoPrice": null, "pricePerUnit": {"price": 1645, "unit": "kg", "__typename": "PricePerUnit"}, "__typename": "Price"}, "quantityDetails": {"maxAmount": 99, "minAmount": 1, "stepAmount": 1, "defaultAmount": 1, "__typename": "Quantity"}, "primaryBadge": [], "secondaryBadges": [], "badgeDescription": null, "customerAllergies": {"short": "", "__typename": "CustomerAllergies"}, "promotions": [{"id": "3771048-C-1", "group": "Week", "isKiesAndMix": false, "image": "/INTERSHOP/static/WFS/Jumbo-Grocery-Site/-/Jumbo-Grocery/nl_NL/Images_Aanbiedingen/2023/Weekaanbiedingen/Week%2045/Vers%20gesneden%20fruit_280px.png", "tags": [{"text": "2 voor \u20ac 4,50", "inverse": false, "__typename": "PromotionTag"}], "start": {"dayShort": "wo", "date": 8, "monthShort": "nov", "__typename": "PromotionDateTime"}, "end": {"dayShort": "di", "date": 14, "monthShort": "nov", "__typename": "PromotionDateTime"}, "attachments": [{"type": "PromotionGroup-Badge", "path": "/INTERSHOP/web/WFS/Jumbo-Grocery-Site/nl_NL/-/EUR/ViewPromotionAttachment-OpenFile?unitName=Jumbo&LocaleId=nl_NL&DirectoryPath=PromotionBadges&FileName=Week.svg", "__typename": "PromotionAttachment"}], "primaryBadge": [{"alt": "PromotionGroup-Badge", "image": "/INTERSHOP/web/WFS/Jumbo-Grocery-Site/nl_NL/-/EUR/ViewPromotionAttachment-OpenFile?unitName=Jumbo&LocaleId=nl_NL&DirectoryPath=PromotionBadges&FileName=Week.svg", "__typename": "PromotionBadge"}], "__typename": "Promotion"}], "surcharges": [], "__typename": "Product", "crossSells": [], "retailSetProducts": []}, {"id": "306025STK", "brand": "Jumbo", "category": "Aardappelen, groente en fruit", "subtitle": "250 G", "title": "Jumbo Zachtfruit Mix 250g", "image": "https://retrieval.dam-lite.prod.aws.jumbo.com/fit-in/360x360/Products/09082023_1691591286266_1691591297448_8718375462539_1.png", "inAssortment": true, "availability": {"availability": "AVAILABLE", "isAvailable": true, "label": null, "stockLimit": null, "__typename": "ProductAvailability"}, "sponsored": false, "auctionId": null, "link": "/producten/jumbo-zachtfruit-mix-250g-306025STK", "retailSet": false, "prices": {"price": 529, "promoPrice": null, "pricePerUnit": {"price": 2116, "unit": "kg", "__typename": "PricePerUnit"}, "__typename": "Price"}, "quantityDetails": {"maxAmount": 99, "minAmount": 1, "stepAmount": 1, "defaultAmount": 1, "__typename": "Quantity"}, "primaryBadge": [], "secondaryBadges": [], "badgeDescription": null, "customerAllergies": {"short": "", "__typename": "CustomerAllergies"}, "promotions": [], "surcharges": [], "__typename": "Product", "crossSells": [], "retailSetProducts": []}, {"id": "219412STK", "brand": "Smaakt\u00ae", "category": "Aardappelen, groente en fruit", "subtitle": "250 g", "title": "Smaakt Bio Vijgen 250g", "image": "https://retrieval.dam-lite.prod.aws.jumbo.com/fit-in/360x360/Products/219412_8718215063414_1_T1_219412STK1691488475169.png", "inAssortment": true, "availability": {"availability": "AVAILABLE", "isAvailable": true, "label": null, "stockLimit": null, "__typename": "ProductAvailability"}, "sponsored": false, "auctionId": null, "link": "/producten/smaakt-bio-vijgen-250g-219412STK", "retailSet": false, "prices": {"price": 379, "promoPrice": null, "pricePerUnit": {"price": 1516, "unit": "kg", "__typename": "PricePerUnit"}, "__typename": "Price"}, "quantityDetails": {"maxAmount": 99, "minAmount": 1, "stepAmount": 1, "defaultAmount": 1, "__typename": "Quantity"}, "primaryBadge": [], "secondaryBadges": [], "badgeDescription": null, "customerAllergies": {"short": "", "__typename": "CustomerAllergies"}, "promotions": [], "surcharges": [], "__typename": "Product", "crossSells": [], "retailSetProducts": []}, {"id": "213030STK", "brand": "Jumbo", "category": "Aardappelen, groente en fruit", "subtitle": "200 g", "title": "Jumbo Kruimige Aardappelen 200 g - Kleinverpakking", "image": "https://retrieval.dam-lite.prod.aws.jumbo.com/fit-in/360x360/Products/09082023_1691585002173_1691585011685_8718452309320_1.png", "inAssortment": true, "availability": {"availability": "AVAILABLE", "isAvailable": true, "label": null, "stockLimit": null, "__typename": "ProductAvailability"}, "sponsored": false, "auctionId": null, "link": "/producten/jumbo-kruimige-aardappelen-200-g-kleinverpakking-213030STK", "retailSet": false, "prices": {"price": 75, "promoPrice": null, "pricePerUnit": {"price": 375, "unit": "kg", "__typename": "PricePerUnit"}, "__typename": "Price"}, "quantityDetails": {"maxAmount": 99, "minAmount": 1, "stepAmount": 1, "defaultAmount": 1, "__typename": "Quantity"}, "primaryBadge": [], "secondaryBadges": [{"alt": "NIEUW", "image": "/INTERSHOP/static/WFS/Jumbo-Site/Grocery/Jumbo-Grocery/nl_NL/PIMProductBadge/nieuw.png", "__typename": "Badge"}, {"alt": "THT logo", "image": "/INTERSHOP/static/WFS/Jumbo-Site/Grocery/Jumbo-Grocery/nl_NL/PIMProductBadge/tht-2+.png", "__typename": "Badge"}], "badgeDescription": "2+ dagen houdbaar", "customerAllergies": {"short": "", "__typename": "CustomerAllergies"}, "promotions": [], "surcharges": [], "__typename": "Product", "crossSells": [], "retailSetProducts": []}, {"id": "531791FLS", "brand": "Jumbo", "category": "Frisdrank en sappen", "subtitle": "500 ml", "title": "Jumbo Vers Sap Sinaasappel & Banaan 500ML", "image": "https://retrieval.dam-lite.prod.aws.jumbo.com/fit-in/360x360/Products/531791_8718452668656_1_T1_193587FLS1691078333525.png", "inAssortment": true, "availability": {"availability": "AVAILABLE", "isAvailable": true, "label": null, "stockLimit": null, "__typename": "ProductAvailability"}, "sponsored": false, "auctionId": null, "link": "/producten/jumbo-vers-sap-sinaasappel-banaan-500ml-531791FLS", "retailSet": false, "prices": {"price": 229, "promoPrice": null, "pricePerUnit": {"price": 458, "unit": "l", "__typename": "PricePerUnit"}, "__typename": "Price"}, "quantityDetails": {"maxAmount": 99, "minAmount": 1, "stepAmount": 1, "defaultAmount": 1, "__typename": "Quantity"}, "primaryBadge": [], "secondaryBadges": [{"alt": "THT logo", "image": "/INTERSHOP/static/WFS/Jumbo-Site/Grocery/Jumbo-Grocery/nl_NL/PIMProductBadge/tht-10+.png", "__typename": "Badge"}], "badgeDescription": "10+ dagen houdbaar", "customerAllergies": {"short": "", "__typename": "CustomerAllergies"}, "promotions": [], "surcharges": [], "__typename": "Product", "crossSells": [], "retailSetProducts": []}, {"id": "531792FLS", "brand": "JUMBO", "category": "Frisdrank en sappen", "subtitle": "500 ml", "title": "Jumbo Vers Sap Sinaasappel & Kiwi 500ML", "image": "https://retrieval.dam-lite.prod.aws.jumbo.com/fit-in/360x360/Products/28082023_1693215185964_1693215191105_8718452668663_1.png", "inAssortment": true, "availability": {"availability": "AVAILABLE", "isAvailable": true, "label": null, "stockLimit": null, "__typename": "ProductAvailability"}, "sponsored": false, "auctionId": null, "link": "/producten/jumbo-vers-sap-sinaasappel-kiwi-500ml-531792FLS", "retailSet": false, "prices": {"price": 229, "promoPrice": null, "pricePerUnit": {"price": 458, "unit": "l", "__typename": "PricePerUnit"}, "__typename": "Price"}, "quantityDetails": {"maxAmount": 99, "minAmount": 1, "stepAmount": 1, "defaultAmount": 1, "__typename": "Quantity"}, "primaryBadge": [], "secondaryBadges": [{"alt": "THT logo", "image": "/INTERSHOP/static/WFS/Jumbo-Site/Grocery/Jumbo-Grocery/nl_NL/PIMProductBadge/tht-10+.png", "__typename": "Badge"}], "badgeDescription": "10+ dagen houdbaar", "customerAllergies": {"short": "", "__typename": "CustomerAllergies"}, "promotions": [], "surcharges": [], "__typename": "Product", "crossSells": [], "retailSetProducts": []}, {"id": "452384ZK", "brand": "JUMBO", "category": "Aardappelen, groente en fruit", "subtitle": "450 g", "title": "Jumbo Bourgondische Mini Krieltjes 450g", "image": "https://retrieval.dam-lite.prod.aws.jumbo.com/fit-in/360x360/Products/09082023_1691588689710_1691588716241_8718452575954_1.png", "inAssortment": true, "availability": {"availability": "AVAILABLE", "isAvailable": true, "label": null, "stockLimit": null, "__typename": "ProductAvailability"}, "sponsored": false, "auctionId": null, "link": "/producten/jumbo-bourgondische-mini-krieltjes-450g-452384ZK", "retailSet": false, "prices": {"price": 109, "promoPrice": null, "pricePerUnit": {"price": 242, "unit": "kg", "__typename": "PricePerUnit"}, "__typename": "Price"}, "quantityDetails": {"maxAmount": 99, "minAmount": 1, "stepAmount": 1, "defaultAmount": 1, "__typename": "Quantity"}, "primaryBadge": [], "secondaryBadges": [{"alt": "THT logo", "image": "/INTERSHOP/static/WFS/Jumbo-Site/Grocery/Jumbo-Grocery/nl_NL/PIMProductBadge/tht-2+.png", "__typename": "Badge"}], "badgeDescription": "2+ dagen houdbaar", "customerAllergies": {"short": "", "__typename": "CustomerAllergies"}, "promotions": [], "surcharges": [], "__typename": "Product", "crossSells": [], "retailSetProducts": []}, {"id": "212150STK", "brand": "Jumbo", "category": "Aardappelen, groente en fruit", "subtitle": "1000 g", "title": "Jumbo Hutspot 1000 g - Voordeelverpakking", "image": "https://retrieval.dam-lite.prod.aws.jumbo.com/fit-in/360x360/Products/09082023_1691585002002_1691585015600_8718452309900_1.png", "inAssortment": true, "availability": {"availability": "AVAILABLE", "isAvailable": true, "label": null, "stockLimit": null, "__typename": "ProductAvailability"}, "sponsored": false, "auctionId": null, "link": "/producten/jumbo-hutspot-1000-g-voordeelverpakking-212150STK", "retailSet": false, "prices": {"price": 199, "promoPrice": null, "pricePerUnit": {"price": 199, "unit": "kg", "__typename": "PricePerUnit"}, "__typename": "Price"}, "quantityDetails": {"maxAmount": 99, "minAmount": 1, "stepAmount": 1, "defaultAmount": 1, "__typename": "Quantity"}, "primaryBadge": [], "secondaryBadges": [{"alt": "THT logo", "image": "/INTERSHOP/static/WFS/Jumbo-Site/Grocery/Jumbo-Grocery/nl_NL/PIMProductBadge/tht-2+.png", "__typename": "Badge"}, {"alt": "Van dichtbij", "image": "/INTERSHOP/static/WFS/Jumbo-Site/Grocery/Jumbo-Grocery/nl_NL/PIMProductBadge/van-dichtbij.png", "__typename": "Badge"}, {"alt": "NIEUW", "image": "/INTERSHOP/static/WFS/Jumbo-Site/Grocery/Jumbo-Grocery/nl_NL/PIMProductBadge/nieuw.png", "__typename": "Badge"}], "badgeDescription": "2+ dagen houdbaar", "customerAllergies": {"short": "", "__typename": "CustomerAllergies"}, "promotions": [], "surcharges": [], "__typename": "Product", "crossSells": [{"sku": "92452TRA", "__typename": "Product"}, {"sku": "547365TRA", "__typename": "Product"}, {"sku": "211819ZK", "__typename": "Product"}, {"sku": "532722ZK", "__typename": "Product"}], "retailSetProducts": []}, {"id": "516887ZK", "brand": "JUMBO", "category": "Aardappelen, groente en fruit", "subtitle": "300 g", "title": "Jumbo Boerenkool 300g", "image": "https://retrieval.dam-lite.prod.aws.jumbo.com/fit-in/360x360/Products/10082023_1691677662785_1691677674004_8718452648191_1.png", "inAssortment": true, "availability": {"availability": "AVAILABLE", "isAvailable": true, "label": null, "stockLimit": null, "__typename": "ProductAvailability"}, "sponsored": false, "auctionId": null, "link": "/producten/jumbo-boerenkool-300g-516887ZK", "retailSet": false, "prices": {"price": 200, "promoPrice": null, "pricePerUnit": {"price": 667, "unit": "kg", "__typename": "PricePerUnit"}, "__typename": "Price"}, "quantityDetails": {"maxAmount": 99, "minAmount": 1, "stepAmount": 1, "defaultAmount": 1, "__typename": "Quantity"}, "primaryBadge": [], "secondaryBadges": [{"alt": "NIEUW", "image": "/INTERSHOP/static/WFS/Jumbo-Site/Grocery/Jumbo-Grocery/nl_NL/PIMProductBadge/nieuw.png", "__typename": "Badge"}, {"alt": "THT logo", "image": "/INTERSHOP/static/WFS/Jumbo-Site/Grocery/Jumbo-Grocery/nl_NL/PIMProductBadge/tht-2+.png", "__typename": "Badge"}], "badgeDescription": "2+ dagen houdbaar", "customerAllergies": {"short": "", "__typename": "CustomerAllergies"}, "promotions": [], "surcharges": [], "__typename": "Product", "crossSells": [{"sku": "92452TRA", "__typename": "Product"}, {"sku": "547365TRA", "__typename": "Product"}, {"sku": "392327ZK", "__typename": "Product"}, {"sku": "413479ZK", "__typename": "Product"}, {"sku": "212178STK", "__typename": "Product"}], "retailSetProducts": []}, {"id": "520910TRA", "brand": "JUMBO", "category": "Aardappelen, groente en fruit", "subtitle": "400 g", "title": "Jumbo Zoete Aardappel Gratin Truffelsmaak 400g", "image": "https://retrieval.dam-lite.prod.aws.jumbo.com/fit-in/360x360/Products/09082023_1691591214281_1691591264984_8718452621200_1.png", "inAssortment": true, "availability": {"availability": "AVAILABLE", "isAvailable": true, "label": null, "stockLimit": null, "__typename": "ProductAvailability"}, "sponsored": false, "auctionId": null, "link": "/producten/jumbo-zoete-aardappel-gratin-truffelsmaak-400g-520910TRA", "retailSet": false, "prices": {"price": 299, "promoPrice": null, "pricePerUnit": {"price": 748, "unit": "kg", "__typename": "PricePerUnit"}, "__typename": "Price"}, "quantityDetails": {"maxAmount": 99, "minAmount": 1, "stepAmount": 1, "defaultAmount": 1, "__typename": "Quantity"}, "primaryBadge": [], "secondaryBadges": [{"alt": "THT logo", "image": "/INTERSHOP/static/WFS/Jumbo-Site/Grocery/Jumbo-Grocery/nl_NL/PIMProductBadge/tht-10+.png", "__typename": "Badge"}], "badgeDescription": "10+ dagen houdbaar", "customerAllergies": {"short": "", "__typename": "CustomerAllergies"}, "promotions": [], "surcharges": [], "__typename": "Product", "crossSells": [], "retailSetProducts": []}, {"id": "591603ZK", "brand": "Jumbo", "category": "Aardappelen, groente en fruit", "subtitle": "400 g", "title": "Jumbo Chinese Wokgroente 400g", "image": "https://retrieval.dam-lite.prod.aws.jumbo.com/fit-in/360x360/Products/276403ZK16df0b8d2-4a91-4b11-9d91-ffa9127d961b-1695798615976.png", "inAssortment": true, "availability": {"availability": "AVAILABLE", "isAvailable": true, "label": null, "stockLimit": null, "__typename": "ProductAvailability"}, "sponsored": false, "auctionId": null, "link": "/producten/jumbo-chinese-wokgroente-400g-591603ZK", "retailSet": false, "prices": {"price": 329, "promoPrice": null, "pricePerUnit": {"price": 823, "unit": "kg", "__typename": "PricePerUnit"}, "__typename": "Price"}, "quantityDetails": {"maxAmount": 99, "minAmount": 1, "stepAmount": 1, "defaultAmount": 1, "__typename": "Quantity"}, "primaryBadge": [], "secondaryBadges": [{"alt": "THT logo", "image": "/INTERSHOP/static/WFS/Jumbo-Site/Grocery/Jumbo-Grocery/nl_NL/PIMProductBadge/tht-1+.png", "__typename": "Badge"}, {"alt": "NIEUW", "image": "/INTERSHOP/static/WFS/Jumbo-Site/Grocery/Jumbo-Grocery/nl_NL/PIMProductBadge/nieuw.png", "__typename": "Badge"}], "badgeDescription": "1+ dagen houdbaar", "customerAllergies": {"short": "", "__typename": "CustomerAllergies"}, "promotions": [], "surcharges": [], "__typename": "Product", "crossSells": [], "retailSetProducts": []}, {"id": "524704ZK", "brand": "JUMBO", "category": "Aardappelen, groente en fruit", "subtitle": "250 GRAM", "title": "Jumbo Knoflook 250g", "image": "https://retrieval.dam-lite.prod.aws.jumbo.com/fit-in/360x360/Products/10082023_1691677956164_1691677961494_8718452693139_1.png", "inAssortment": true, "availability": {"availability": "AVAILABLE", "isAvailable": true, "label": null, "stockLimit": null, "__typename": "ProductAvailability"}, "sponsored": false, "auctionId": null, "link": "/producten/jumbo-knoflook-250g-524704ZK", "retailSet": false, "prices": {"price": 179, "promoPrice": null, "pricePerUnit": {"price": 716, "unit": "kg", "__typename": "PricePerUnit"}, "__typename": "Price"}, "quantityDetails": {"maxAmount": 99, "minAmount": 1, "stepAmount": 1, "defaultAmount": 1, "__typename": "Quantity"}, "primaryBadge": [], "secondaryBadges": [], "badgeDescription": null, "customerAllergies": {"short": "", "__typename": "CustomerAllergies"}, "promotions": [], "surcharges": [], "__typename": "Product", "crossSells": [], "retailSetProducts": []}, {"id": "79541ZK", "brand": null, "category": "Aardappelen, groente en fruit", "subtitle": "5 kg", "title": "Tafelaardappelen Kruimig Voordeel Verpakking 5kg", "image": "https://retrieval.dam-lite.prod.aws.jumbo.com/fit-in/360x360/Products/09082023_1691584705237_1691584714703_8718449035799_1.png", "inAssortment": true, "availability": {"availability": "AVAILABLE", "isAvailable": true, "label": null, "stockLimit": null, "__typename": "ProductAvailability"}, "sponsored": false, "auctionId": null, "link": "/producten/tafelaardappelen-kruimig-voordeel-verpakking-5kg-79541ZK", "retailSet": false, "prices": {"price": 499, "promoPrice": null, "pricePerUnit": {"price": 100, "unit": "kg", "__typename": "PricePerUnit"}, "__typename": "Price"}, "quantityDetails": {"maxAmount": 99, "minAmount": 1, "stepAmount": 1, "defaultAmount": 1, "__typename": "Quantity"}, "primaryBadge": [], "secondaryBadges": [{"alt": "Van dichtbij", "image": "/INTERSHOP/static/WFS/Jumbo-Site/Grocery/Jumbo-Grocery/nl_NL/PIMProductBadge/van-dichtbij.png", "__typename": "Badge"}], "badgeDescription": null, "customerAllergies": {"short": "", "__typename": "CustomerAllergies"}, "promotions": [], "surcharges": [], "__typename": "Product", "crossSells": [], "retailSetProducts": []}, {"id": "501935ZK", "brand": "JUMBO", "category": "Koek, snoep, chocolade en chips", "subtitle": "150 g", "title": "Jumbo Biologisch Ongebrande Notenmix 150g", "image": "https://retrieval.dam-lite.prod.aws.jumbo.com/fit-in/360x360/Products/09082023_1691590100388_1691590193413_8718452633609_1.png", "inAssortment": true, "availability": {"availability": "AVAILABLE", "isAvailable": true, "label": null, "stockLimit": null, "__typename": "ProductAvailability"}, "sponsored": false, "auctionId": null, "link": "/producten/jumbo-biologisch-ongebrande-notenmix-150g-501935ZK", "retailSet": false, "prices": {"price": 300, "promoPrice": null, "pricePerUnit": {"price": 2000, "unit": "kg", "__typename": "PricePerUnit"}, "__typename": "Price"}, "quantityDetails": {"maxAmount": 99, "minAmount": 1, "stepAmount": 1, "defaultAmount": 1, "__typename": "Quantity"}, "primaryBadge": [], "secondaryBadges": [], "badgeDescription": null, "customerAllergies": {"short": "", "__typename": "CustomerAllergies"}, "promotions": [], "surcharges": [], "__typename": "Product", "crossSells": [], "retailSetProducts": []}, {"id": "213017STK", "brand": "Jumbo", "category": "Aardappelen, groente en fruit", "subtitle": "450 g", "title": "Jumbo Opbakaardappelen met Schil 450g", "image": "https://retrieval.dam-lite.prod.aws.jumbo.com/fit-in/360x360/Products/09082023_1691585002111_1691585018746_8718452328901_1.png", "inAssortment": true, "availability": {"availability": "AVAILABLE", "isAvailable": true, "label": null, "stockLimit": null, "__typename": "ProductAvailability"}, "sponsored": false, "auctionId": null, "link": "/producten/jumbo-opbakaardappelen-met-schil-450g-213017STK", "retailSet": false, "prices": {"price": 119, "promoPrice": null, "pricePerUnit": {"price": 264, "unit": "kg", "__typename": "PricePerUnit"}, "__typename": "Price"}, "quantityDetails": {"maxAmount": 99, "minAmount": 1, "stepAmount": 1, "defaultAmount": 1, "__typename": "Quantity"}, "primaryBadge": [], "secondaryBadges": [{"alt": "THT logo", "image": "/INTERSHOP/static/WFS/Jumbo-Site/Grocery/Jumbo-Grocery/nl_NL/PIMProductBadge/tht-2+.png", "__typename": "Badge"}], "badgeDescription": "2+ dagen houdbaar", "customerAllergies": {"short": "", "__typename": "CustomerAllergies"}, "promotions": [], "surcharges": [], "__typename": "Product", "crossSells": [], "retailSetProducts": []}, {"id": "443860ZK", "brand": "Jumbo", "category": "Aardappelen, groente en fruit", "subtitle": "350 g", "title": "Jumbo Gegrilde Groente Sous-Vide 350g", "image": "https://retrieval.dam-lite.prod.aws.jumbo.com/fit-in/360x360/Products/09082023_1691585361444_1691585370971_8718452375332_1.png", "inAssortment": true, "availability": {"availability": "AVAILABLE", "isAvailable": true, "label": null, "stockLimit": null, "__typename": "ProductAvailability"}, "sponsored": false, "auctionId": null, "link": "/producten/jumbo-gegrilde-groente-sous-vide-350g-443860ZK", "retailSet": false, "prices": {"price": 449, "promoPrice": null, "pricePerUnit": {"price": 1283, "unit": "kg", "__typename": "PricePerUnit"}, "__typename": "Price"}, "quantityDetails": {"maxAmount": 99, "minAmount": 1, "stepAmount": 1, "defaultAmount": 1, "__typename": "Quantity"}, "primaryBadge": [], "secondaryBadges": [{"alt": "THT logo", "image": "/INTERSHOP/static/WFS/Jumbo-Site/Grocery/Jumbo-Grocery/nl_NL/PIMProductBadge/tht-9+.png", "__typename": "Badge"}], "badgeDescription": "9+ dagen houdbaar", "customerAllergies": {"short": "", "__typename": "CustomerAllergies"}, "promotions": [], "surcharges": [], "__typename": "Product", "crossSells": [], "retailSetProducts": []}, {"id": "177706PAK", "brand": "JUMBO", "category": "Aardappelen, groente en fruit", "subtitle": "520 g", "title": "Jumbo Biologisch Zuurkool met Kruiden 520g", "image": "https://retrieval.dam-lite.prod.aws.jumbo.com/fit-in/360x360/Products/29092023_1695996140428_1695996154364_8718452603275_1.png", "inAssortment": true, "availability": {"availability": "AVAILABLE", "isAvailable": true, "label": null, "stockLimit": null, "__typename": "ProductAvailability"}, "sponsored": false, "auctionId": null, "link": "/producten/jumbo-biologisch-zuurkool-met-kruiden-520g-177706PAK", "retailSet": false, "prices": {"price": 109, "promoPrice": null, "pricePerUnit": {"price": 218, "unit": "kg", "__typename": "PricePerUnit"}, "__typename": "Price"}, "quantityDetails": {"maxAmount": 99, "minAmount": 1, "stepAmount": 1, "defaultAmount": 1, "__typename": "Quantity"}, "primaryBadge": [], "secondaryBadges": [{"alt": "NIEUW", "image": "/INTERSHOP/static/WFS/Jumbo-Site/Grocery/Jumbo-Grocery/nl_NL/PIMProductBadge/nieuw.png", "__typename": "Badge"}], "badgeDescription": null, "customerAllergies": {"short": "", "__typename": "CustomerAllergies"}, "promotions": [], "surcharges": [], "__typename": "Product", "crossSells": [], "retailSetProducts": []}, {"id": "529643FLS", "brand": "Jumbo", "category": "Aardappelen, groente en fruit", "subtitle": "250 ml", "title": "Jumbo Verse Smoothie Aardbei, Appel & Banaan 250ML", "image": "https://retrieval.dam-lite.prod.aws.jumbo.com/fit-in/360x360/Products/529643_8718452668595_1_T1_189207FLS1691076949939.png", "inAssortment": true, "availability": {"availability": "AVAILABLE", "isAvailable": true, "label": null, "stockLimit": null, "__typename": "ProductAvailability"}, "sponsored": false, "auctionId": null, "link": "/producten/jumbo-verse-smoothie-aardbei-appel-banaan-250ml-529643FLS", "retailSet": false, "prices": {"price": 199, "promoPrice": null, "pricePerUnit": {"price": 796, "unit": "l", "__typename": "PricePerUnit"}, "__typename": "Price"}, "quantityDetails": {"maxAmount": 99, "minAmount": 1, "stepAmount": 1, "defaultAmount": 1, "__typename": "Quantity"}, "primaryBadge": [], "secondaryBadges": [{"alt": "THT logo", "image": "/INTERSHOP/static/WFS/Jumbo-Site/Grocery/Jumbo-Grocery/nl_NL/PIMProductBadge/tht-10+.png", "__typename": "Badge"}], "badgeDescription": "10+ dagen houdbaar", "customerAllergies": {"short": "", "__typename": "CustomerAllergies"}, "promotions": [], "surcharges": [], "__typename": "Product", "crossSells": [], "retailSetProducts": []}, {"id": "386859ZK", "brand": "JUMBO", "category": "Aardappelen, groente en fruit", "subtitle": "2 KG", "title": "Jumbo Biologisch Aardappelen Vastkokend 2kg", "image": "https://retrieval.dam-lite.prod.aws.jumbo.com/fit-in/360x360/Products/386859_8718452513246_1_T1_386859ZK1691484831951.png", "inAssortment": true, "availability": {"availability": "AVAILABLE", "isAvailable": true, "label": null, "stockLimit": null, "__typename": "ProductAvailability"}, "sponsored": false, "auctionId": null, "link": "/producten/jumbo-biologisch-aardappelen-vastkokend-2kg-386859ZK", "retailSet": false, "prices": {"price": 366, "promoPrice": null, "pricePerUnit": {"price": 183, "unit": "kg", "__typename": "PricePerUnit"}, "__typename": "Price"}, "quantityDetails": {"maxAmount": 99, "minAmount": 1, "stepAmount": 1, "defaultAmount": 1, "__typename": "Quantity"}, "primaryBadge": [], "secondaryBadges": [{"alt": "Van dichtbij", "image": "/INTERSHOP/static/WFS/Jumbo-Site/Grocery/Jumbo-Grocery/nl_NL/PIMProductBadge/van-dichtbij.png", "__typename": "Badge"}], "badgeDescription": null, "customerAllergies": {"short": "", "__typename": "CustomerAllergies"}, "promotions": [], "surcharges": [], "__typename": "Product", "crossSells": [], "retailSetProducts": []}, {"id": "423363ZK", "brand": "Jumbo", "category": "Aardappelen, groente en fruit", "subtitle": "85 g", "title": "Jumbo Veldsla Gewassen 85g", "image": "https://retrieval.dam-lite.prod.aws.jumbo.com/fit-in/360x360/Products/09082023_1691586884706_1691586903266_8718452445363_1.png", "inAssortment": true, "availability": {"availability": "AVAILABLE", "isAvailable": true, "label": null, "stockLimit": null, "__typename": "ProductAvailability"}, "sponsored": false, "auctionId": null, "link": "/producten/jumbo-veldsla-gewassen-85g-423363ZK", "retailSet": false, "prices": {"price": 119, "promoPrice": null, "pricePerUnit": {"price": 1400, "unit": "kg", "__typename": "PricePerUnit"}, "__typename": "Price"}, "quantityDetails": {"maxAmount": 99, "minAmount": 1, "stepAmount": 1, "defaultAmount": 1, "__typename": "Quantity"}, "primaryBadge": [], "secondaryBadges": [{"alt": "THT logo", "image": "/INTERSHOP/static/WFS/Jumbo-Site/Grocery/Jumbo-Grocery/nl_NL/PIMProductBadge/tht-2+.png", "__typename": "Badge"}], "badgeDescription": "2+ dagen houdbaar", "customerAllergies": {"short": "", "__typename": "CustomerAllergies"}, "promotions": [], "surcharges": [], "__typename": "Product", "crossSells": [], "retailSetProducts": []}, {"id": "191664ZK", "brand": "Jumbo", "category": "Aardappelen, groente en fruit", "subtitle": "400 g", "title": "Jumbo Gedroogde Groene Linzen 400g", "image": "https://retrieval.dam-lite.prod.aws.jumbo.com/fit-in/360x360/Products/09082023_1691584439271_1691584453466_8718452252541_1.png", "inAssortment": true, "availability": {"availability": "AVAILABLE", "isAvailable": true, "label": null, "stockLimit": null, "__typename": "ProductAvailability"}, "sponsored": false, "auctionId": null, "link": "/producten/jumbo-gedroogde-groene-linzen-400g-191664ZK", "retailSet": false, "prices": {"price": 200, "promoPrice": null, "pricePerUnit": {"price": 500, "unit": "kg", "__typename": "PricePerUnit"}, "__typename": "Price"}, "quantityDetails": {"maxAmount": 99, "minAmount": 1, "stepAmount": 1, "defaultAmount": 1, "__typename": "Quantity"}, "primaryBadge": [], "secondaryBadges": [], "badgeDescription": null, "customerAllergies": {"short": "", "__typename": "CustomerAllergies"}, "promotions": [], "surcharges": [], "__typename": "Product", "crossSells": [], "retailSetProducts": []}, {"id": "304662PAK", "brand": "JUMBO", "category": "Aardappelen, groente en fruit", "subtitle": "250 g", "title": "Jumbo Champignons 250g", "image": "https://retrieval.dam-lite.prod.aws.jumbo.com/fit-in/360x360/Products/18092023_1695049859132_1695049868863_8718452494101_1.png", "inAssortment": true, "availability": {"availability": "AVAILABLE", "isAvailable": true, "label": null, "stockLimit": null, "__typename": "ProductAvailability"}, "sponsored": false, "auctionId": null, "link": "/producten/jumbo-champignons-250g-304662PAK", "retailSet": false, "prices": {"price": 140, "promoPrice": null, "pricePerUnit": {"price": 560, "unit": "kg", "__typename": "PricePerUnit"}, "__typename": "Price"}, "quantityDetails": {"maxAmount": 99, "minAmount": 1, "stepAmount": 1, "defaultAmount": 1, "__typename": "Quantity"}, "primaryBadge": [], "secondaryBadges": [{"alt": "Van dichtbij", "image": "/INTERSHOP/static/WFS/Jumbo-Site/Grocery/Jumbo-Grocery/nl_NL/PIMProductBadge/van-dichtbij.png", "__typename": "Badge"}, {"alt": "THT logo", "image": "/INTERSHOP/static/WFS/Jumbo-Site/Grocery/Jumbo-Grocery/nl_NL/PIMProductBadge/tht-2+.png", "__typename": "Badge"}], "badgeDescription": "2+ dagen houdbaar", "customerAllergies": {"short": "", "__typename": "CustomerAllergies"}, "promotions": [], "surcharges": [], "__typename": "Product", "crossSells": [], "retailSetProducts": []}, {"id": "571490STK", "brand": "JUMBO", "category": "Aardappelen, groente en fruit", "subtitle": "2 stuks", "title": "Jumbo Biologisch Groente Little Gem 2 Stuks", "image": "https://retrieval.dam-lite.prod.aws.jumbo.com/fit-in/360x360/Products/09082023_1691595391500_1691595407286_8718452757541_1.png", "inAssortment": true, "availability": {"availability": "AVAILABLE", "isAvailable": true, "label": null, "stockLimit": null, "__typename": "ProductAvailability"}, "sponsored": false, "auctionId": null, "link": "/producten/jumbo-biologisch-groente-little-gem-2-stuks-571490STK", "retailSet": false, "prices": {"price": 229, "promoPrice": null, "pricePerUnit": {"price": 229, "unit": "pieces", "__typename": "PricePerUnit"}, "__typename": "Price"}, "quantityDetails": {"maxAmount": 99, "minAmount": 1, "stepAmount": 1, "defaultAmount": 1, "__typename": "Quantity"}, "primaryBadge": [], "secondaryBadges": [], "badgeDescription": null, "customerAllergies": {"short": "", "__typename": "CustomerAllergies"}, "promotions": [], "surcharges": [], "__typename": "Product", "crossSells": [], "retailSetProducts": []}, {"id": "213178STK", "brand": null, "category": "Aardappelen, groente en fruit", "subtitle": null, "title": "Verse Knoflook", "image": "https://retrieval.dam-lite.prod.aws.jumbo.com/fit-in/360x360/Products/09082023_1691585024317_1691585038117_8718452343010_1.png", "inAssortment": true, "availability": {"availability": "AVAILABLE", "isAvailable": true, "label": null, "stockLimit": null, "__typename": "ProductAvailability"}, "sponsored": false, "auctionId": null, "link": "/producten/verse-knoflook-213178STK", "retailSet": false, "prices": {"price": 169, "promoPrice": null, "pricePerUnit": {"price": 169, "unit": "pieces", "__typename": "PricePerUnit"}, "__typename": "Price"}, "quantityDetails": {"maxAmount": 99, "minAmount": 1, "stepAmount": 1, "defaultAmount": 1, "__typename": "Quantity"}, "primaryBadge": [], "secondaryBadges": [], "badgeDescription": null, "customerAllergies": {"short": "", "__typename": "CustomerAllergies"}, "promotions": [], "surcharges": [], "__typename": "Product", "crossSells": [], "retailSetProducts": []}, {"id": "349895DS", "brand": "Jumbo", "category": "Diepvries", "subtitle": "250 g", "title": "Jumbo Ananas 250g", "image": "https://retrieval.dam-lite.prod.aws.jumbo.com/fit-in/360x360/Products/09082023_1691586928916_1691586952883_8718452463596_1.png", "inAssortment": true, "availability": {"availability": "AVAILABLE", "isAvailable": true, "label": null, "stockLimit": null, "__typename": "ProductAvailability"}, "sponsored": false, "auctionId": null, "link": "/producten/jumbo-ananas-250g-349895DS", "retailSet": false, "prices": {"price": 189, "promoPrice": null, "pricePerUnit": {"price": 756, "unit": "kg", "__typename": "PricePerUnit"}, "__typename": "Price"}, "quantityDetails": {"maxAmount": 99, "minAmount": 1, "stepAmount": 1, "defaultAmount": 1, "__typename": "Quantity"}, "primaryBadge": [], "secondaryBadges": [{"alt": "Vriesvers", "image": "/INTERSHOP/static/WFS/Jumbo-Site/Grocery/Jumbo-Grocery/nl_NL/PIMProductBadge/sticker-freeze-51x51.png", "__typename": "Badge"}], "badgeDescription": null, "customerAllergies": {"short": "", "__typename": "CustomerAllergies"}, "promotions": [], "surcharges": [], "__typename": "Product", "crossSells": [], "retailSetProducts": []}, {"id": "212640STK", "brand": "Jumbo", "category": "Aardappelen, groente en fruit", "subtitle": "60 g", "title": "Jumbo Kiemmix Broccoli, Alfalfa & Rode Kool 60g", "image": "https://retrieval.dam-lite.prod.aws.jumbo.com/fit-in/360x360/Products/09082023_1691584972728_1691584980897_8718452315864_1.png", "inAssortment": true, "availability": {"availability": "AVAILABLE", "isAvailable": true, "label": null, "stockLimit": null, "__typename": "ProductAvailability"}, "sponsored": false, "auctionId": null, "link": "/producten/jumbo-kiemmix-broccoli-alfalfa-rode-kool-60g-212640STK", "retailSet": false, "prices": {"price": 199, "promoPrice": null, "pricePerUnit": {"price": 3317, "unit": "kg", "__typename": "PricePerUnit"}, "__typename": "Price"}, "quantityDetails": {"maxAmount": 99, "minAmount": 1, "stepAmount": 1, "defaultAmount": 1, "__typename": "Quantity"}, "primaryBadge": [], "secondaryBadges": [{"alt": "THT logo", "image": "/INTERSHOP/static/WFS/Jumbo-Site/Grocery/Jumbo-Grocery/nl_NL/PIMProductBadge/tht-2+.png", "__typename": "Badge"}], "badgeDescription": "2+ dagen houdbaar", "customerAllergies": {"short": "", "__typename": "CustomerAllergies"}, "promotions": [], "surcharges": [], "__typename": "Product", "crossSells": [], "retailSetProducts": []}, {"id": "510622ZK", "brand": "JUMBO", "category": "Aardappelen, groente en fruit", "subtitle": "200 g", "title": "Jumbo Broccoli Kleinverpakking 200g", "image": "https://retrieval.dam-lite.prod.aws.jumbo.com/fit-in/360x360/Products/09082023_1691591039698_1691591091478_8718452653591_1.png", "inAssortment": true, "availability": {"availability": "AVAILABLE", "isAvailable": true, "label": null, "stockLimit": null, "__typename": "ProductAvailability"}, "sponsored": false, "auctionId": null, "link": "/producten/jumbo-broccoli-kleinverpakking-200g-510622ZK", "retailSet": false, "prices": {"price": 239, "promoPrice": null, "pricePerUnit": {"price": 1195, "unit": "kg", "__typename": "PricePerUnit"}, "__typename": "Price"}, "quantityDetails": {"maxAmount": 99, "minAmount": 1, "stepAmount": 1, "defaultAmount": 1, "__typename": "Quantity"}, "primaryBadge": [], "secondaryBadges": [{"alt": "THT logo", "image": "/INTERSHOP/static/WFS/Jumbo-Site/Grocery/Jumbo-Grocery/nl_NL/PIMProductBadge/tht-2+.png", "__typename": "Badge"}], "badgeDescription": "2+ dagen houdbaar", "customerAllergies": {"short": "", "__typename": "CustomerAllergies"}, "promotions": [], "surcharges": [], "__typename": "Product", "crossSells": [], "retailSetProducts": []}, {"id": "204537STK", "brand": "Jumbo", "category": "Wereldkeukens, kruiden, pasta en rijst", "subtitle": "15 G", "title": "Jumbo Oregano Vers 15g", "image": "https://retrieval.dam-lite.prod.aws.jumbo.com/fit-in/360x360/Products/09082023_1691585000456_1691585008827_8718452301911_1.png", "inAssortment": true, "availability": {"availability": "AVAILABLE", "isAvailable": true, "label": null, "stockLimit": null, "__typename": "ProductAvailability"}, "sponsored": false, "auctionId": null, "link": "/producten/jumbo-oregano-vers-15g-204537STK", "retailSet": false, "prices": {"price": 129, "promoPrice": null, "pricePerUnit": {"price": 8600, "unit": "kg", "__typename": "PricePerUnit"}, "__typename": "Price"}, "quantityDetails": {"maxAmount": 99, "minAmount": 1, "stepAmount": 1, "defaultAmount": 1, "__typename": "Quantity"}, "primaryBadge": [], "secondaryBadges": [{"alt": "THT logo", "image": "/INTERSHOP/static/WFS/Jumbo-Site/Grocery/Jumbo-Grocery/nl_NL/PIMProductBadge/tht-2+.png", "__typename": "Badge"}], "badgeDescription": "2+ dagen houdbaar", "customerAllergies": {"short": "", "__typename": "CustomerAllergies"}, "promotions": [], "surcharges": [], "__typename": "Product", "crossSells": [], "retailSetProducts": []}, {"id": "211730STK", "brand": "Jumbo", "category": "Aardappelen, groente en fruit", "subtitle": "600 g", "title": "Jumbo Italiaanse Roerbakmix 600 g - Voordeelverpakking", "image": "https://retrieval.dam-lite.prod.aws.jumbo.com/fit-in/360x360/Products/09082023_1691585109356_1691585118337_8718452311644_1.png", "inAssortment": true, "availability": {"availability": "AVAILABLE", "isAvailable": true, "label": null, "stockLimit": null, "__typename": "ProductAvailability"}, "sponsored": false, "auctionId": null, "link": "/producten/jumbo-italiaanse-roerbakmix-600-g-voordeelverpakking-211730STK", "retailSet": false, "prices": {"price": 284, "promoPrice": null, "pricePerUnit": {"price": 473, "unit": "kg", "__typename": "PricePerUnit"}, "__typename": "Price"}, "quantityDetails": {"maxAmount": 99, "minAmount": 1, "stepAmount": 1, "defaultAmount": 1, "__typename": "Quantity"}, "primaryBadge": [], "secondaryBadges": [{"alt": "THT logo", "image": "/INTERSHOP/static/WFS/Jumbo-Site/Grocery/Jumbo-Grocery/nl_NL/PIMProductBadge/tht-2+.png", "__typename": "Badge"}], "badgeDescription": "2+ dagen houdbaar", "customerAllergies": {"short": "", "__typename": "CustomerAllergies"}, "promotions": [], "surcharges": [], "__typename": "Product", "crossSells": [], "retailSetProducts": []}, {"id": "184213SC", "brand": "JUMBO", "category": "Wereldkeukens, kruiden, pasta en rijst", "subtitle": "50 G", "title": "JUMBO Mild Peper Mix 50g", "image": "https://retrieval.dam-lite.prod.aws.jumbo.com/fit-in/360x360/Products/29092023_1695994872040_1695994875601_8718452237579_1.png", "inAssortment": true, "availability": {"availability": "AVAILABLE", "isAvailable": true, "label": null, "stockLimit": null, "__typename": "ProductAvailability"}, "sponsored": false, "auctionId": null, "link": "/producten/jumbo-mild-peper-mix-50g-184213SC", "retailSet": false, "prices": {"price": 119, "promoPrice": null, "pricePerUnit": {"price": 2380, "unit": "kg", "__typename": "PricePerUnit"}, "__typename": "Price"}, "quantityDetails": {"maxAmount": 99, "minAmount": 1, "stepAmount": 1, "defaultAmount": 1, "__typename": "Quantity"}, "primaryBadge": [], "secondaryBadges": [{"alt": "Van dichtbij", "image": "/INTERSHOP/static/WFS/Jumbo-Site/Grocery/Jumbo-Grocery/nl_NL/PIMProductBadge/van-dichtbij.png", "__typename": "Badge"}], "badgeDescription": null, "customerAllergies": {"short": "", "__typename": "CustomerAllergies"}, "promotions": [], "surcharges": [], "__typename": "Product", "crossSells": [], "retailSetProducts": []}, {"id": "329573STK", "brand": "Jumbo", "category": "Aardappelen, groente en fruit", "subtitle": "125 g", "title": "Jumbo Kastanjechampignons Gesneden 125g", "image": "https://retrieval.dam-lite.prod.aws.jumbo.com/fit-in/360x360/Products/09082023_1691585252220_1691585265449_8718452303229_1.png", "inAssortment": true, "availability": {"availability": "AVAILABLE", "isAvailable": true, "label": null, "stockLimit": null, "__typename": "ProductAvailability"}, "sponsored": false, "auctionId": null, "link": "/producten/jumbo-kastanjechampignons-gesneden-125g-329573STK", "retailSet": false, "prices": {"price": 199, "promoPrice": null, "pricePerUnit": {"price": 1592, "unit": "kg", "__typename": "PricePerUnit"}, "__typename": "Price"}, "quantityDetails": {"maxAmount": 99, "minAmount": 1, "stepAmount": 1, "defaultAmount": 1, "__typename": "Quantity"}, "primaryBadge": [], "secondaryBadges": [{"alt": "THT logo", "image": "/INTERSHOP/static/WFS/Jumbo-Site/Grocery/Jumbo-Grocery/nl_NL/PIMProductBadge/tht-2+.png", "__typename": "Badge"}], "badgeDescription": "2+ dagen houdbaar", "customerAllergies": {"short": "", "__typename": "CustomerAllergies"}, "promotions": [], "surcharges": [], "__typename": "Product", "crossSells": [], "retailSetProducts": []}, {"id": "528290ZK", "brand": "JUMBO", "category": "Aardappelen, groente en fruit", "subtitle": "40 g", "title": "Jumbo Biologische Gewassen Veldsla 40g", "image": "https://retrieval.dam-lite.prod.aws.jumbo.com/fit-in/360x360/Products/18092023_1695047825272_1695047834472_8718452514601_1.png", "inAssortment": true, "availability": {"availability": "AVAILABLE", "isAvailable": true, "label": null, "stockLimit": null, "__typename": "ProductAvailability"}, "sponsored": false, "auctionId": null, "link": "/producten/jumbo-biologische-gewassen-veldsla-40g-528290ZK", "retailSet": false, "prices": {"price": 119, "promoPrice": null, "pricePerUnit": {"price": 2975, "unit": "kg", "__typename": "PricePerUnit"}, "__typename": "Price"}, "quantityDetails": {"maxAmount": 99, "minAmount": 1, "stepAmount": 1, "defaultAmount": 1, "__typename": "Quantity"}, "primaryBadge": [], "secondaryBadges": [{"alt": "THT logo", "image": "/INTERSHOP/static/WFS/Jumbo-Site/Grocery/Jumbo-Grocery/nl_NL/PIMProductBadge/tht-2+.png", "__typename": "Badge"}], "badgeDescription": "2+ dagen houdbaar", "customerAllergies": {"short": "", "__typename": "CustomerAllergies"}, "promotions": [], "surcharges": [], "__typename": "Product", "crossSells": [], "retailSetProducts": []}, {"id": "382893FLS", "brand": "Appelsientje", "category": "Aardappelen, groente en fruit", "subtitle": "1 L", "title": "Appelsientje Multifruit 1L", "image": "https://retrieval.dam-lite.prod.aws.jumbo.com/fit-in/360x360/Products/06112023_1699281423800_1699281427665_8720157463214_1.png", "inAssortment": true, "availability": {"availability": "AVAILABLE", "isAvailable": true, "label": null, "stockLimit": null, "__typename": "ProductAvailability"}, "sponsored": false, "auctionId": null, "link": "/producten/appelsientje-multifruit-1l-382893FLS", "retailSet": false, "prices": {"price": 249, "promoPrice": null, "pricePerUnit": {"price": 249, "unit": "l", "__typename": "PricePerUnit"}, "__typename": "Price"}, "quantityDetails": {"maxAmount": 99, "minAmount": 1, "stepAmount": 1, "defaultAmount": 1, "__typename": "Quantity"}, "primaryBadge": [], "secondaryBadges": [{"alt": "THT logo", "image": "/INTERSHOP/static/WFS/Jumbo-Site/Grocery/Jumbo-Grocery/nl_NL/PIMProductBadge/tht-10+.png", "__typename": "Badge"}], "badgeDescription": "10+ dagen houdbaar", "customerAllergies": {"short": "", "__typename": "CustomerAllergies"}, "promotions": [{"id": "pm25_appelsientje", "group": "Nvt", "isKiesAndMix": false, "image": "/INTERSHOP/static/WFS/Jumbo-Grocery-Site/-/Jumbo-Grocery/nl_NL/Images_Aanbiedingen/2023/Premiaat/appelsientje.png", "tags": [{"text": "Gratis glas bij 1 pak", "inverse": false, "__typename": "PromotionTag"}, {"text": "Alleen online - OP=OP", "inverse": true, "__typename": "PromotionTag"}], "start": {"dayShort": "wo", "date": 11, "monthShort": "okt", "__typename": "PromotionDateTime"}, "end": {"dayShort": "di", "date": 14, "monthShort": "nov", "__typename": "PromotionDateTime"}, "attachments": [], "primaryBadge": [], "__typename": "Promotion"}], "surcharges": [], "__typename": "Product", "crossSells": [], "retailSetProducts": []}, {"id": "584622ZK", "brand": "JUMBO", "category": "Aardappelen, groente en fruit", "subtitle": "150 g", "title": "Jumbo Biologisch Gesneden Boerenkool 150g", "image": "https://retrieval.dam-lite.prod.aws.jumbo.com/fit-in/360x360/Products/16102023_1697470688607_1697470705889_8718452647729_1.png", "inAssortment": true, "availability": {"availability": "AVAILABLE", "isAvailable": true, "label": null, "stockLimit": null, "__typename": "ProductAvailability"}, "sponsored": false, "auctionId": null, "link": "/producten/jumbo-biologisch-gesneden-boerenkool-150g-584622ZK", "retailSet": false, "prices": {"price": 199, "promoPrice": null, "pricePerUnit": {"price": 1327, "unit": "kg", "__typename": "PricePerUnit"}, "__typename": "Price"}, "quantityDetails": {"maxAmount": 99, "minAmount": 1, "stepAmount": 1, "defaultAmount": 1, "__typename": "Quantity"}, "primaryBadge": [], "secondaryBadges": [{"alt": "THT logo", "image": "/INTERSHOP/static/WFS/Jumbo-Site/Grocery/Jumbo-Grocery/nl_NL/PIMProductBadge/tht-2+.png", "__typename": "Badge"}], "badgeDescription": "2+ dagen houdbaar", "customerAllergies": {"short": "", "__typename": "CustomerAllergies"}, "promotions": [], "surcharges": [], "__typename": "Product", "crossSells": [], "retailSetProducts": []}, {"id": "405695ZK", "brand": "JUMBO", "category": "Aardappelen, groente en fruit", "subtitle": "450 g", "title": "Jumbo Texas BBQ Aardappelpartjes met Schil 450g", "image": "https://retrieval.dam-lite.prod.aws.jumbo.com/fit-in/360x360/Products/09082023_1691588004917_1691588012275_8718452521500_1.png", "inAssortment": true, "availability": {"availability": "AVAILABLE", "isAvailable": true, "label": null, "stockLimit": null, "__typename": "ProductAvailability"}, "sponsored": false, "auctionId": null, "link": "/producten/jumbo-texas-bbq-aardappelpartjes-met-schil-450g-405695ZK", "retailSet": false, "prices": {"price": 119, "promoPrice": null, "pricePerUnit": {"price": 264, "unit": "kg", "__typename": "PricePerUnit"}, "__typename": "Price"}, "quantityDetails": {"maxAmount": 99, "minAmount": 1, "stepAmount": 1, "defaultAmount": 1, "__typename": "Quantity"}, "primaryBadge": [], "secondaryBadges": [{"alt": "THT logo", "image": "/INTERSHOP/static/WFS/Jumbo-Site/Grocery/Jumbo-Grocery/nl_NL/PIMProductBadge/tht-2+.png", "__typename": "Badge"}], "badgeDescription": "2+ dagen houdbaar", "customerAllergies": {"short": "", "__typename": "CustomerAllergies"}, "promotions": [], "surcharges": [], "__typename": "Product", "crossSells": [], "retailSetProducts": []}, {"id": "211779PAK", "brand": "JUMBO", "category": "Aardappelen, groente en fruit", "subtitle": "450 g", "title": "Jumbo Macaroni & Spaghetti Pakket 450g", "image": "https://retrieval.dam-lite.prod.aws.jumbo.com/fit-in/360x360/Products/09082023_1691596113556_1691596125629_8718452311521_1.png", "inAssortment": true, "availability": {"availability": "AVAILABLE", "isAvailable": true, "label": null, "stockLimit": null, "__typename": "ProductAvailability"}, "sponsored": false, "auctionId": null, "link": "/producten/jumbo-macaroni-spaghetti-pakket-450g-211779PAK", "retailSet": false, "prices": {"price": 170, "promoPrice": null, "pricePerUnit": {"price": 378, "unit": "kg", "__typename": "PricePerUnit"}, "__typename": "Price"}, "quantityDetails": {"maxAmount": 99, "minAmount": 1, "stepAmount": 1, "defaultAmount": 1, "__typename": "Quantity"}, "primaryBadge": [], "secondaryBadges": [{"alt": "THT logo", "image": "/INTERSHOP/static/WFS/Jumbo-Site/Grocery/Jumbo-Grocery/nl_NL/PIMProductBadge/tht-2+.png", "__typename": "Badge"}], "badgeDescription": "2+ dagen houdbaar", "customerAllergies": {"short": "", "__typename": "CustomerAllergies"}, "promotions": [], "surcharges": [], "__typename": "Product", "crossSells": [], "retailSetProducts": []}, {"id": "306033ZK", "brand": "Jumbo", "category": "Aardappelen, groente en fruit", "subtitle": "1.5 KILO", "title": "Jumbo Jonagold Appels Voordeelverpakking 1, 5kg", "image": "https://retrieval.dam-lite.prod.aws.jumbo.com/fit-in/360x360/Products/29092023_1695995626316_1695995631076_8711715881748_1.png", "inAssortment": true, "availability": {"availability": "AVAILABLE", "isAvailable": true, "label": null, "stockLimit": null, "__typename": "ProductAvailability"}, "sponsored": false, "auctionId": null, "link": "/producten/jumbo-jonagold-appels-voordeelverpakking-1,5kg-306033ZK", "retailSet": false, "prices": {"price": 232, "promoPrice": null, "pricePerUnit": {"price": 155, "unit": "kg", "__typename": "PricePerUnit"}, "__typename": "Price"}, "quantityDetails": {"maxAmount": 99, "minAmount": 1, "stepAmount": 1, "defaultAmount": 1, "__typename": "Quantity"}, "primaryBadge": [], "secondaryBadges": [{"alt": "Van dichtbij", "image": "/INTERSHOP/static/WFS/Jumbo-Site/Grocery/Jumbo-Grocery/nl_NL/PIMProductBadge/van-dichtbij.png", "__typename": "Badge"}], "badgeDescription": null, "customerAllergies": {"short": "", "__typename": "CustomerAllergies"}, "promotions": [], "surcharges": [], "__typename": "Product", "crossSells": [], "retailSetProducts": []}, {"id": "191722ZK", "brand": "Jumbo", "category": "Aardappelen, groente en fruit", "subtitle": "400 g", "title": "Jumbo Gedroogde Linzenmix 400g", "image": "https://retrieval.dam-lite.prod.aws.jumbo.com/fit-in/360x360/Products/09082023_1691584439501_1691584460631_8718452252602_1.png", "inAssortment": true, "availability": {"availability": "AVAILABLE", "isAvailable": true, "label": null, "stockLimit": null, "__typename": "ProductAvailability"}, "sponsored": false, "auctionId": null, "link": "/producten/jumbo-gedroogde-linzenmix-400g-191722ZK", "retailSet": false, "prices": {"price": 227, "promoPrice": null, "pricePerUnit": {"price": 568, "unit": "kg", "__typename": "PricePerUnit"}, "__typename": "Price"}, "quantityDetails": {"maxAmount": 99, "minAmount": 1, "stepAmount": 1, "defaultAmount": 1, "__typename": "Quantity"}, "primaryBadge": [], "secondaryBadges": [], "badgeDescription": null, "customerAllergies": {"short": "", "__typename": "CustomerAllergies"}, "promotions": [], "surcharges": [], "__typename": "Product", "crossSells": [], "retailSetProducts": []}, {"id": "523332FLS", "brand": "innocent\u00a9", "category": "Frisdrank en sappen", "subtitle": "750 ml", "title": "Innocent Super Smoothie Energise 750ml", "image": "https://retrieval.dam-lite.prod.aws.jumbo.com/fit-in/360x360/Products/09082023_1691591813848_1691591818919_5038862233637_1.png", "inAssortment": true, "availability": {"availability": "AVAILABLE", "isAvailable": true, "label": null, "stockLimit": null, "__typename": "ProductAvailability"}, "sponsored": false, "auctionId": null, "link": "/producten/innocent-super-smoothie-energise-750ml-523332FLS", "retailSet": false, "prices": {"price": 375, "promoPrice": null, "pricePerUnit": {"price": 500, "unit": "l", "__typename": "PricePerUnit"}, "__typename": "Price"}, "quantityDetails": {"maxAmount": 99, "minAmount": 1, "stepAmount": 1, "defaultAmount": 1, "__typename": "Quantity"}, "primaryBadge": [], "secondaryBadges": [{"alt": "THT logo", "image": "/INTERSHOP/static/WFS/Jumbo-Site/Grocery/Jumbo-Grocery/nl_NL/PIMProductBadge/tht-8+.png", "__typename": "Badge"}], "badgeDescription": "8+ dagen houdbaar", "customerAllergies": {"short": "", "__typename": "CustomerAllergies"}, "promotions": [], "surcharges": [], "__typename": "Product", "crossSells": [], "retailSetProducts": []}, {"id": "382827FLS", "brand": "Appelsientje", "category": "Aardappelen, groente en fruit", "subtitle": "1 L", "title": "Appelsientje Sinaasappel 1L", "image": "https://retrieval.dam-lite.prod.aws.jumbo.com/fit-in/360x360/Products/06112023_1699281423770_1699281426885_8720157463177_1.png", "inAssortment": true, "availability": {"availability": "AVAILABLE", "isAvailable": true, "label": null, "stockLimit": null, "__typename": "ProductAvailability"}, "sponsored": false, "auctionId": null, "link": "/producten/appelsientje-sinaasappel-1l-382827FLS", "retailSet": false, "prices": {"price": 229, "promoPrice": null, "pricePerUnit": {"price": 229, "unit": "l", "__typename": "PricePerUnit"}, "__typename": "Price"}, "quantityDetails": {"maxAmount": 99, "minAmount": 1, "stepAmount": 1, "defaultAmount": 1, "__typename": "Quantity"}, "primaryBadge": [], "secondaryBadges": [{"alt": "THT logo", "image": "/INTERSHOP/static/WFS/Jumbo-Site/Grocery/Jumbo-Grocery/nl_NL/PIMProductBadge/tht-10+.png", "__typename": "Badge"}], "badgeDescription": "10+ dagen houdbaar", "customerAllergies": {"short": "", "__typename": "CustomerAllergies"}, "promotions": [{"id": "pm25_appelsientje", "group": "Nvt", "isKiesAndMix": false, "image": "/INTERSHOP/static/WFS/Jumbo-Grocery-Site/-/Jumbo-Grocery/nl_NL/Images_Aanbiedingen/2023/Premiaat/appelsientje.png", "tags": [{"text": "Gratis glas bij 1 pak", "inverse": false, "__typename": "PromotionTag"}, {"text": "Alleen online - OP=OP", "inverse": true, "__typename": "PromotionTag"}], "start": {"dayShort": "wo", "date": 11, "monthShort": "okt", "__typename": "PromotionDateTime"}, "end": {"dayShort": "di", "date": 14, "monthShort": "nov", "__typename": "PromotionDateTime"}, "attachments": [], "primaryBadge": [], "__typename": "Promotion"}], "surcharges": [], "__typename": "Product", "crossSells": [], "retailSetProducts": []}, {"id": "302263PAK", "brand": "Jumbo", "category": "Aardappelen, groente en fruit", "subtitle": "2 stuks", "title": "Jumbo Suikermais 2 Stuks", "image": "https://retrieval.dam-lite.prod.aws.jumbo.com/fit-in/360x360/Products/09082023_1691584857084_1691584867288_8711715897114_1.png", "inAssortment": true, "availability": {"availability": "AVAILABLE", "isAvailable": true, "label": null, "stockLimit": null, "__typename": "ProductAvailability"}, "sponsored": false, "auctionId": null, "link": "/producten/jumbo-suikermais-2-stuks-302263PAK", "retailSet": false, "prices": {"price": 229, "promoPrice": null, "pricePerUnit": {"price": 115, "unit": "pieces", "__typename": "PricePerUnit"}, "__typename": "Price"}, "quantityDetails": {"maxAmount": 99, "minAmount": 1, "stepAmount": 1, "defaultAmount": 1, "__typename": "Quantity"}, "primaryBadge": [], "secondaryBadges": [], "badgeDescription": null, "customerAllergies": {"short": "", "__typename": "CustomerAllergies"}, "promotions": [], "surcharges": [], "__typename": "Product", "crossSells": [], "retailSetProducts": []}, {"id": "204494STK", "brand": "JUMBO", "category": "Aardappelen, groente en fruit", "subtitle": "20 G", "title": "Jumbo Verse Italiaanse Kruidenmix 20g", "image": "https://retrieval.dam-lite.prod.aws.jumbo.com/fit-in/360x360/Products/09082023_1691588061198_1691588066613_8718452299812_1.png", "inAssortment": true, "availability": {"availability": "AVAILABLE", "isAvailable": true, "label": null, "stockLimit": null, "__typename": "ProductAvailability"}, "sponsored": false, "auctionId": null, "link": "/producten/jumbo-verse-italiaanse-kruidenmix-20g-204494STK", "retailSet": false, "prices": {"price": 169, "promoPrice": null, "pricePerUnit": {"price": 8450, "unit": "kg", "__typename": "PricePerUnit"}, "__typename": "Price"}, "quantityDetails": {"maxAmount": 99, "minAmount": 1, "stepAmount": 1, "defaultAmount": 1, "__typename": "Quantity"}, "primaryBadge": [], "secondaryBadges": [{"alt": "THT logo", "image": "/INTERSHOP/static/WFS/Jumbo-Site/Grocery/Jumbo-Grocery/nl_NL/PIMProductBadge/tht-2+.png", "__typename": "Badge"}], "badgeDescription": "2+ dagen houdbaar", "customerAllergies": {"short": "", "__typename": "CustomerAllergies"}, "promotions": [], "surcharges": [], "__typename": "Product", "crossSells": [{"sku": "283182FLS", "__typename": "Product"}], "retailSetProducts": []}, {"id": "212607ZK", "brand": "Jumbo", "category": "Aardappelen, groente en fruit", "subtitle": "200 g", "title": "Jumbo IJsbergsla & Veldsla Melange 200g", "image": "https://retrieval.dam-lite.prod.aws.jumbo.com/fit-in/360x360/Products/09082023_1691585358389_1691585362567_8718452316137_1.png", "inAssortment": true, "availability": {"availability": "AVAILABLE", "isAvailable": true, "label": null, "stockLimit": null, "__typename": "ProductAvailability"}, "sponsored": false, "auctionId": null, "link": "/producten/jumbo-ijsbergsla-veldsla-melange-200g-212607ZK", "retailSet": false, "prices": {"price": 329, "promoPrice": null, "pricePerUnit": {"price": 1645, "unit": "kg", "__typename": "PricePerUnit"}, "__typename": "Price"}, "quantityDetails": {"maxAmount": 99, "minAmount": 1, "stepAmount": 1, "defaultAmount": 1, "__typename": "Quantity"}, "primaryBadge": [], "secondaryBadges": [{"alt": "THT logo", "image": "/INTERSHOP/static/WFS/Jumbo-Site/Grocery/Jumbo-Grocery/nl_NL/PIMProductBadge/tht-2+.png", "__typename": "Badge"}], "badgeDescription": "2+ dagen houdbaar", "customerAllergies": {"short": "", "__typename": "CustomerAllergies"}, "promotions": [], "surcharges": [], "__typename": "Product", "crossSells": [], "retailSetProducts": []}, {"id": "40541PAK", "brand": "KRAMER", "category": "Aardappelen, groente en fruit", "subtitle": "520 g", "title": "Kramer's Koolkenners Zuurkool Kerrie 520g", "image": "https://retrieval.dam-lite.prod.aws.jumbo.com/fit-in/360x360/Products/10082023_1691677954048_1691677956614_8710488903213_1.png", "inAssortment": true, "availability": {"availability": "AVAILABLE", "isAvailable": true, "label": null, "stockLimit": null, "__typename": "ProductAvailability"}, "sponsored": false, "auctionId": null, "link": "/producten/kramer-s-koolkenners-zuurkool-kerrie-520g-40541PAK", "retailSet": false, "prices": {"price": 119, "promoPrice": null, "pricePerUnit": {"price": 238, "unit": "kg", "__typename": "PricePerUnit"}, "__typename": "Price"}, "quantityDetails": {"maxAmount": 99, "minAmount": 1, "stepAmount": 1, "defaultAmount": 1, "__typename": "Quantity"}, "primaryBadge": [], "secondaryBadges": [], "badgeDescription": null, "customerAllergies": {"short": "", "__typename": "CustomerAllergies"}, "promotions": [], "surcharges": [], "__typename": "Product", "crossSells": [], "retailSetProducts": []}, {"id": "82080NET", "brand": "Jumbo", "category": "Aardappelen, groente en fruit", "subtitle": "100 GRAM", "title": "Jumbo Knoflook 100g", "image": "https://retrieval.dam-lite.prod.aws.jumbo.com/fit-in/360x360/Products/82080NET-1692280619842.png", "inAssortment": true, "availability": {"availability": "AVAILABLE", "isAvailable": true, "label": null, "stockLimit": null, "__typename": "ProductAvailability"}, "sponsored": false, "auctionId": null, "link": "/producten/jumbo-knoflook-100g-82080NET", "retailSet": false, "prices": {"price": 106, "promoPrice": null, "pricePerUnit": {"price": 1060, "unit": "kg", "__typename": "PricePerUnit"}, "__typename": "Price"}, "quantityDetails": {"maxAmount": 99, "minAmount": 1, "stepAmount": 1, "defaultAmount": 1, "__typename": "Quantity"}, "primaryBadge": [], "secondaryBadges": [], "badgeDescription": null, "customerAllergies": {"short": "", "__typename": "CustomerAllergies"}, "promotions": [], "surcharges": [], "__typename": "Product", "crossSells": [], "retailSetProducts": []}, {"id": "510553ZK", "brand": "JUMBO", "category": "Aardappelen, groente en fruit", "subtitle": "200 g", "title": "Jumbo Gebroken Sperziebonen Kleinverpakking 200g", "image": "https://retrieval.dam-lite.prod.aws.jumbo.com/fit-in/360x360/Products/09082023_1691591458360_1691591476023_8718452653577_1.png", "inAssortment": true, "availability": {"availability": "TEMPORARILY_UNAVAILABLE", "isAvailable": false, "label": "Niet leverbaar", "stockLimit": null, "__typename": "ProductAvailability"}, "sponsored": false, "auctionId": null, "link": "/producten/jumbo-gebroken-sperziebonen-kleinverpakking-200g-510553ZK", "retailSet": false, "prices": {"price": 219, "promoPrice": null, "pricePerUnit": {"price": 1095, "unit": "kg", "__typename": "PricePerUnit"}, "__typename": "Price"}, "quantityDetails": {"maxAmount": 99, "minAmount": 1, "stepAmount": 1, "defaultAmount": 1, "__typename": "Quantity"}, "primaryBadge": [], "secondaryBadges": [{"alt": "THT logo", "image": "/INTERSHOP/static/WFS/Jumbo-Site/Grocery/Jumbo-Grocery/nl_NL/PIMProductBadge/tht-2+.png", "__typename": "Badge"}], "badgeDescription": "2+ dagen houdbaar", "customerAllergies": {"short": "", "__typename": "CustomerAllergies"}, "promotions": [], "surcharges": [], "__typename": "Product", "crossSells": [], "retailSetProducts": []}, {"id": "194754STK", "brand": null, "category": "Aardappelen, groente en fruit", "subtitle": null, "title": "Spaghetti Pompoen Biologisch", "image": "https://retrieval.dam-lite.prod.aws.jumbo.com/fit-in/360x360/Products/18092023_1695054170375_1695054177267_8718452282197_1.png", "inAssortment": true, "availability": {"availability": "AVAILABLE", "isAvailable": true, "label": null, "stockLimit": null, "__typename": "ProductAvailability"}, "sponsored": false, "auctionId": null, "link": "/producten/spaghetti-pompoen-biologisch-194754STK", "retailSet": false, "prices": {"price": 199, "promoPrice": null, "pricePerUnit": {"price": 199, "unit": "pieces", "__typename": "PricePerUnit"}, "__typename": "Price"}, "quantityDetails": {"maxAmount": 99, "minAmount": 1, "stepAmount": 1, "defaultAmount": 1, "__typename": "Quantity"}, "primaryBadge": [], "secondaryBadges": [{"alt": "Van dichtbij", "image": "/INTERSHOP/static/WFS/Jumbo-Site/Grocery/Jumbo-Grocery/nl_NL/PIMProductBadge/van-dichtbij.png", "__typename": "Badge"}, {"alt": "NIEUW", "image": "/INTERSHOP/static/WFS/Jumbo-Site/Grocery/Jumbo-Grocery/nl_NL/PIMProductBadge/nieuw.png", "__typename": "Badge"}], "badgeDescription": null, "customerAllergies": {"short": "", "__typename": "CustomerAllergies"}, "promotions": [], "surcharges": [], "__typename": "Product", "crossSells": [], "retailSetProducts": []}, {"id": "212641STK", "brand": "Jumbo", "category": "Aardappelen, groente en fruit", "subtitle": "100 g", "title": "Jumbo Kiemgroente Alfalfa 100g", "image": "https://retrieval.dam-lite.prod.aws.jumbo.com/fit-in/360x360/Products/09082023_1691584972620_1691584984137_8718452315857_1.png", "inAssortment": true, "availability": {"availability": "AVAILABLE", "isAvailable": true, "label": null, "stockLimit": null, "__typename": "ProductAvailability"}, "sponsored": false, "auctionId": null, "link": "/producten/jumbo-kiemgroente-alfalfa-100g-212641STK", "retailSet": false, "prices": {"price": 159, "promoPrice": null, "pricePerUnit": {"price": 1590, "unit": "kg", "__typename": "PricePerUnit"}, "__typename": "Price"}, "quantityDetails": {"maxAmount": 99, "minAmount": 1, "stepAmount": 1, "defaultAmount": 1, "__typename": "Quantity"}, "primaryBadge": [], "secondaryBadges": [{"alt": "THT logo", "image": "/INTERSHOP/static/WFS/Jumbo-Site/Grocery/Jumbo-Grocery/nl_NL/PIMProductBadge/tht-2+.png", "__typename": "Badge"}], "badgeDescription": "2+ dagen houdbaar", "customerAllergies": {"short": "", "__typename": "CustomerAllergies"}, "promotions": [], "surcharges": [], "__typename": "Product", "crossSells": [], "retailSetProducts": []}, {"id": "530934FLS", "brand": "JUMBO", "category": "Frisdrank en sappen", "subtitle": "500 ml", "title": "Jumbo Vers Sap Sinaasappel & Aardbei 500ML", "image": "https://retrieval.dam-lite.prod.aws.jumbo.com/fit-in/360x360/Products/09082023_1691594323360_1691594340946_8718452668618_1.png", "inAssortment": true, "availability": {"availability": "AVAILABLE", "isAvailable": true, "label": null, "stockLimit": null, "__typename": "ProductAvailability"}, "sponsored": false, "auctionId": null, "link": "/producten/jumbo-vers-sap-sinaasappel-aardbei-500ml-530934FLS", "retailSet": false, "prices": {"price": 229, "promoPrice": null, "pricePerUnit": {"price": 458, "unit": "l", "__typename": "PricePerUnit"}, "__typename": "Price"}, "quantityDetails": {"maxAmount": 99, "minAmount": 1, "stepAmount": 1, "defaultAmount": 1, "__typename": "Quantity"}, "primaryBadge": [], "secondaryBadges": [{"alt": "THT logo", "image": "/INTERSHOP/static/WFS/Jumbo-Site/Grocery/Jumbo-Grocery/nl_NL/PIMProductBadge/tht-10+.png", "__typename": "Badge"}], "badgeDescription": "10+ dagen houdbaar", "customerAllergies": {"short": "", "__typename": "CustomerAllergies"}, "promotions": [], "surcharges": [], "__typename": "Product", "crossSells": [], "retailSetProducts": []}, {"id": "57787STK", "brand": "Don Mario", "category": "Aardappelen, groente en fruit", "subtitle": null, "title": "Jumbo Honing Pomelo", "image": "https://retrieval.dam-lite.prod.aws.jumbo.com/fit-in/360x360/Products/18092023_1695031928441_1695031938552_6926588888882_1.png", "inAssortment": true, "availability": {"availability": "AVAILABLE", "isAvailable": true, "label": null, "stockLimit": null, "__typename": "ProductAvailability"}, "sponsored": false, "auctionId": null, "link": "/producten/jumbo-honing-pomelo-57787STK", "retailSet": false, "prices": {"price": 299, "promoPrice": null, "pricePerUnit": {"price": 299, "unit": "pieces", "__typename": "PricePerUnit"}, "__typename": "Price"}, "quantityDetails": {"maxAmount": 99, "minAmount": 1, "stepAmount": 1, "defaultAmount": 1, "__typename": "Quantity"}, "primaryBadge": [], "secondaryBadges": [], "badgeDescription": null, "customerAllergies": {"short": "", "__typename": "CustomerAllergies"}, "promotions": [], "surcharges": [], "__typename": "Product", "crossSells": [], "retailSetProducts": []}, {"id": "591494STK", "brand": "Jumbo", "category": "Aardappelen, groente en fruit", "subtitle": "150 g", "title": "Jumbo Pittige Rauwkost 150g", "image": "https://retrieval.dam-lite.prod.aws.jumbo.com/fit-in/360x360/Products/212637STK1bd4b02fc-a65e-42a0-a481-c91604d86d5e-1695744065447.png", "inAssortment": true, "availability": {"availability": "AVAILABLE", "isAvailable": true, "label": null, "stockLimit": null, "__typename": "ProductAvailability"}, "sponsored": false, "auctionId": null, "link": "/producten/jumbo-pittige-rauwkost-150g-591494STK", "retailSet": false, "prices": {"price": 229, "promoPrice": null, "pricePerUnit": {"price": 1527, "unit": "kg", "__typename": "PricePerUnit"}, "__typename": "Price"}, "quantityDetails": {"maxAmount": 99, "minAmount": 1, "stepAmount": 1, "defaultAmount": 1, "__typename": "Quantity"}, "primaryBadge": [], "secondaryBadges": [{"alt": "NIEUW", "image": "/INTERSHOP/static/WFS/Jumbo-Site/Grocery/Jumbo-Grocery/nl_NL/PIMProductBadge/nieuw.png", "__typename": "Badge"}, {"alt": "THT logo", "image": "/INTERSHOP/static/WFS/Jumbo-Site/Grocery/Jumbo-Grocery/nl_NL/PIMProductBadge/tht-1+.png", "__typename": "Badge"}], "badgeDescription": "1+ dagen houdbaar", "customerAllergies": {"short": "", "__typename": "CustomerAllergies"}, "promotions": [], "surcharges": [], "__typename": "Product", "crossSells": [], "retailSetProducts": []}, {"id": "351595ZK", "brand": "C\u00ealaV\u00edta", "category": "Aardappelen, groente en fruit", "subtitle": "700 g", "title": "C\u00ealaV\u00edta Oma's Verse Opbak Aardappeltjes Familie Verpakking 700g", "image": "https://retrieval.dam-lite.prod.aws.jumbo.com/fit-in/360x360/Products/351595_8710556804152_1_T1_351595ZK1691051104211.png", "inAssortment": true, "availability": {"availability": "AVAILABLE", "isAvailable": true, "label": null, "stockLimit": null, "__typename": "ProductAvailability"}, "sponsored": false, "auctionId": null, "link": "/producten/celavita-oma-s-verse-opbak-aardappeltjes-familie-verpakking-700g-351595ZK", "retailSet": false, "prices": {"price": 296, "promoPrice": null, "pricePerUnit": {"price": 423, "unit": "kg", "__typename": "PricePerUnit"}, "__typename": "Price"}, "quantityDetails": {"maxAmount": 99, "minAmount": 1, "stepAmount": 1, "defaultAmount": 1, "__typename": "Quantity"}, "primaryBadge": [], "secondaryBadges": [{"alt": "THT logo", "image": "/INTERSHOP/static/WFS/Jumbo-Site/Grocery/Jumbo-Grocery/nl_NL/PIMProductBadge/tht-2+.png", "__typename": "Badge"}], "badgeDescription": "2+ dagen houdbaar", "customerAllergies": {"short": "", "__typename": "CustomerAllergies"}, "promotions": [], "surcharges": [], "__typename": "Product", "crossSells": [], "retailSetProducts": []}, {"id": "577945BAK", "brand": "Jumbo", "category": "Aardappelen, groente en fruit", "subtitle": "275 g", "title": "Jumbo Hollandse Groene Salade 275g", "image": "https://retrieval.dam-lite.prod.aws.jumbo.com/fit-in/360x360/Products/577945_8718452584420_1_T1_230571BAK1691079137615.png", "inAssortment": true, "availability": {"availability": "AVAILABLE", "isAvailable": true, "label": null, "stockLimit": null, "__typename": "ProductAvailability"}, "sponsored": false, "auctionId": null, "link": "/producten/jumbo-hollandse-groene-salade-275g-577945BAK", "retailSet": false, "prices": {"price": 499, "promoPrice": null, "pricePerUnit": {"price": 1815, "unit": "kg", "__typename": "PricePerUnit"}, "__typename": "Price"}, "quantityDetails": {"maxAmount": 99, "minAmount": 1, "stepAmount": 1, "defaultAmount": 1, "__typename": "Quantity"}, "primaryBadge": [], "secondaryBadges": [{"alt": "THT logo", "image": "/INTERSHOP/static/WFS/Jumbo-Site/Grocery/Jumbo-Grocery/nl_NL/PIMProductBadge/tht-1+.png", "__typename": "Badge"}], "badgeDescription": "1+ dagen houdbaar", "customerAllergies": {"short": "", "__typename": "CustomerAllergies"}, "promotions": [], "surcharges": [], "__typename": "Product", "crossSells": [{"sku": "578001ZK", "__typename": "Product"}, {"sku": "577908BAK", "__typename": "Product"}, {"sku": "577909BAK", "__typename": "Product"}], "retailSetProducts": []}, {"id": "523333FLS", "brand": "innocent\u00a9", "category": "Aardappelen, groente en fruit", "subtitle": "750 ml", "title": "Innocent Super Smoothie Antioxidant 750ml", "image": "https://retrieval.dam-lite.prod.aws.jumbo.com/fit-in/360x360/Products/09082023_1691592637672_1691592655620_5038862239745_1.png", "inAssortment": true, "availability": {"availability": "AVAILABLE", "isAvailable": true, "label": null, "stockLimit": null, "__typename": "ProductAvailability"}, "sponsored": false, "auctionId": null, "link": "/producten/innocent-super-smoothie-antioxidant-750ml-523333FLS", "retailSet": false, "prices": {"price": 375, "promoPrice": null, "pricePerUnit": {"price": 500, "unit": "l", "__typename": "PricePerUnit"}, "__typename": "Price"}, "quantityDetails": {"maxAmount": 99, "minAmount": 1, "stepAmount": 1, "defaultAmount": 1, "__typename": "Quantity"}, "primaryBadge": [], "secondaryBadges": [{"alt": "THT logo", "image": "/INTERSHOP/static/WFS/Jumbo-Site/Grocery/Jumbo-Grocery/nl_NL/PIMProductBadge/tht-8+.png", "__typename": "Badge"}], "badgeDescription": "8+ dagen houdbaar", "customerAllergies": {"short": "", "__typename": "CustomerAllergies"}, "promotions": [], "surcharges": [], "__typename": "Product", "crossSells": [], "retailSetProducts": []}, {"id": "161627PAK", "brand": "Jumbo", "category": "Aardappelen, groente en fruit", "subtitle": "20 g", "title": "Jumbo Tuinkers Biologisch 20g", "image": "https://retrieval.dam-lite.prod.aws.jumbo.com/fit-in/360x360/Products/18092023_1695028251548_1695028261518_8718452107674_1.png", "inAssortment": true, "availability": {"availability": "AVAILABLE", "isAvailable": true, "label": null, "stockLimit": null, "__typename": "ProductAvailability"}, "sponsored": false, "auctionId": null, "link": "/producten/jumbo-tuinkers-biologisch-20g-161627PAK", "retailSet": false, "prices": {"price": 100, "promoPrice": null, "pricePerUnit": {"price": 100, "unit": "pieces", "__typename": "PricePerUnit"}, "__typename": "Price"}, "quantityDetails": {"maxAmount": 99, "minAmount": 1, "stepAmount": 1, "defaultAmount": 1, "__typename": "Quantity"}, "primaryBadge": [], "secondaryBadges": [{"alt": "THT logo", "image": "/INTERSHOP/static/WFS/Jumbo-Site/Grocery/Jumbo-Grocery/nl_NL/PIMProductBadge/tht-2+.png", "__typename": "Badge"}], "badgeDescription": "2+ dagen houdbaar", "customerAllergies": {"short": "", "__typename": "CustomerAllergies"}, "promotions": [], "surcharges": [], "__typename": "Product", "crossSells": [], "retailSetProducts": []}, {"id": "285593STK", "brand": "Jumbo", "category": "Aardappelen, groente en fruit", "subtitle": null, "title": "Jumbo Chinese Kool", "image": "https://retrieval.dam-lite.prod.aws.jumbo.com/fit-in/360x360/Products/29092023_1695994884004_1695994890864_8711715897077_1.png", "inAssortment": true, "availability": {"availability": "AVAILABLE", "isAvailable": true, "label": null, "stockLimit": null, "__typename": "ProductAvailability"}, "sponsored": false, "auctionId": null, "link": "/producten/jumbo-chinese-kool-285593STK", "retailSet": false, "prices": {"price": 175, "promoPrice": null, "pricePerUnit": {"price": 175, "unit": "pieces", "__typename": "PricePerUnit"}, "__typename": "Price"}, "quantityDetails": {"maxAmount": 99, "minAmount": 1, "stepAmount": 1, "defaultAmount": 1, "__typename": "Quantity"}, "primaryBadge": [], "secondaryBadges": [], "badgeDescription": null, "customerAllergies": {"short": "", "__typename": "CustomerAllergies"}, "promotions": [], "surcharges": [], "__typename": "Product", "crossSells": [], "retailSetProducts": []}, {"id": "529642FLS", "brand": "Jumbo", "category": "Frisdrank en sappen", "subtitle": "250 ml", "title": "Jumbo Vers Groentesap Avocado, Spinazie, Boerenkool, Broccoli, Komkommer & Appel 250ML", "image": "https://retrieval.dam-lite.prod.aws.jumbo.com/fit-in/360x360/Products/529642_8718452668588_1_T1_189200FLS1691077647082.png", "inAssortment": true, "availability": {"availability": "AVAILABLE", "isAvailable": true, "label": null, "stockLimit": null, "__typename": "ProductAvailability"}, "sponsored": false, "auctionId": null, "link": "/producten/jumbo-vers-groentesap-avocado-spinazie-boerenkool-broccoli-komkommer-appel-250ml-529642FLS", "retailSet": false, "prices": {"price": 199, "promoPrice": null, "pricePerUnit": {"price": 796, "unit": "l", "__typename": "PricePerUnit"}, "__typename": "Price"}, "quantityDetails": {"maxAmount": 99, "minAmount": 1, "stepAmount": 1, "defaultAmount": 1, "__typename": "Quantity"}, "primaryBadge": [], "secondaryBadges": [{"alt": "THT logo", "image": "/INTERSHOP/static/WFS/Jumbo-Site/Grocery/Jumbo-Grocery/nl_NL/PIMProductBadge/tht-10+.png", "__typename": "Badge"}], "badgeDescription": "10+ dagen houdbaar", "customerAllergies": {"short": "", "__typename": "CustomerAllergies"}, "promotions": [], "surcharges": [], "__typename": "Product", "crossSells": [], "retailSetProducts": []}, {"id": "462889FLS", "brand": "i'M", "category": "Aardappelen, groente en fruit", "subtitle": "60 ML", "title": "i'M+ - Vitamine D shot 60ml", "image": "https://retrieval.dam-lite.prod.aws.jumbo.com/fit-in/360x360/Products/10082023_1691676402308_1691676406998_8718096154355_1.png", "inAssortment": true, "availability": {"availability": "TEMPORARILY_UNAVAILABLE", "isAvailable": false, "label": "Niet leverbaar", "stockLimit": null, "__typename": "ProductAvailability"}, "sponsored": false, "auctionId": null, "link": "/producten/i-m-vitamine-d-shot-60ml-462889FLS", "retailSet": false, "prices": {"price": 219, "promoPrice": null, "pricePerUnit": {"price": 3650, "unit": "l", "__typename": "PricePerUnit"}, "__typename": "Price"}, "quantityDetails": {"maxAmount": 99, "minAmount": 1, "stepAmount": 1, "defaultAmount": 1, "__typename": "Quantity"}, "primaryBadge": [], "secondaryBadges": [{"alt": "THT logo", "image": "/INTERSHOP/static/WFS/Jumbo-Site/Grocery/Jumbo-Grocery/nl_NL/PIMProductBadge/tht-10+.png", "__typename": "Badge"}], "badgeDescription": "10+ dagen houdbaar", "customerAllergies": {"short": "", "__typename": "CustomerAllergies"}, "promotions": [], "surcharges": [], "__typename": "Product", "crossSells": [], "retailSetProducts": []}, {"id": "557618DS", "brand": "JUMBO", "category": "Aardappelen, groente en fruit", "subtitle": "250 g", "title": "Jumbo Fruitstukjes Ananas, Watermeloen, Mango & Druif 250g", "image": "https://retrieval.dam-lite.prod.aws.jumbo.com/fit-in/360x360/Products/09082023_1691594177065_1691594194914_8718452728015_1.png", "inAssortment": true, "availability": {"availability": "TEMPORARILY_UNAVAILABLE", "isAvailable": false, "label": "Niet leverbaar", "stockLimit": null, "__typename": "ProductAvailability"}, "sponsored": false, "auctionId": null, "link": "/producten/jumbo-fruitstukjes-ananas-watermeloen-mango-druif-250g-557618DS", "retailSet": false, "prices": {"price": 300, "promoPrice": null, "pricePerUnit": {"price": 1200, "unit": "kg", "__typename": "PricePerUnit"}, "__typename": "Price"}, "quantityDetails": {"maxAmount": 99, "minAmount": 1, "stepAmount": 1, "defaultAmount": 1, "__typename": "Quantity"}, "primaryBadge": [], "secondaryBadges": [], "badgeDescription": null, "customerAllergies": {"short": "", "__typename": "CustomerAllergies"}, "promotions": [{"id": "3771048-C-1", "group": "Week", "isKiesAndMix": false, "image": "/INTERSHOP/static/WFS/Jumbo-Grocery-Site/-/Jumbo-Grocery/nl_NL/Images_Aanbiedingen/2023/Weekaanbiedingen/Week%2045/Vers%20gesneden%20fruit_280px.png", "tags": [{"text": "2 voor \u20ac 4,50", "inverse": false, "__typename": "PromotionTag"}], "start": {"dayShort": "wo", "date": 8, "monthShort": "nov", "__typename": "PromotionDateTime"}, "end": {"dayShort": "di", "date": 14, "monthShort": "nov", "__typename": "PromotionDateTime"}, "attachments": [{"type": "PromotionGroup-Badge", "path": "/INTERSHOP/web/WFS/Jumbo-Grocery-Site/nl_NL/-/EUR/ViewPromotionAttachment-OpenFile?unitName=Jumbo&LocaleId=nl_NL&DirectoryPath=PromotionBadges&FileName=Week.svg", "__typename": "PromotionAttachment"}], "primaryBadge": [{"alt": "PromotionGroup-Badge", "image": "/INTERSHOP/web/WFS/Jumbo-Grocery-Site/nl_NL/-/EUR/ViewPromotionAttachment-OpenFile?unitName=Jumbo&LocaleId=nl_NL&DirectoryPath=PromotionBadges&FileName=Week.svg", "__typename": "PromotionBadge"}], "__typename": "Promotion"}], "surcharges": [], "__typename": "Product", "crossSells": [], "retailSetProducts": []}, {"id": "211737STK", "brand": "Jumbo", "category": "Aardappelen, groente en fruit", "subtitle": "400 g", "title": "Jumbo Oosterse Wokgroente 400g", "image": "https://retrieval.dam-lite.prod.aws.jumbo.com/fit-in/360x360/Products/09082023_1691585108966_1691585141823_8718452311699_1.png", "inAssortment": true, "availability": {"availability": "AVAILABLE", "isAvailable": true, "label": null, "stockLimit": null, "__typename": "ProductAvailability"}, "sponsored": false, "auctionId": null, "link": "/producten/jumbo-oosterse-wokgroente-400g-211737STK", "retailSet": false, "prices": {"price": 269, "promoPrice": null, "pricePerUnit": {"price": 673, "unit": "kg", "__typename": "PricePerUnit"}, "__typename": "Price"}, "quantityDetails": {"maxAmount": 99, "minAmount": 1, "stepAmount": 1, "defaultAmount": 1, "__typename": "Quantity"}, "primaryBadge": [], "secondaryBadges": [{"alt": "THT logo", "image": "/INTERSHOP/static/WFS/Jumbo-Site/Grocery/Jumbo-Grocery/nl_NL/PIMProductBadge/tht-2+.png", "__typename": "Badge"}], "badgeDescription": "2+ dagen houdbaar", "customerAllergies": {"short": "", "__typename": "CustomerAllergies"}, "promotions": [], "surcharges": [], "__typename": "Product", "crossSells": [{"sku": "450829FLS", "__typename": "Product"}, {"sku": "170562FLS", "__typename": "Product"}, {"sku": "25527FLS", "__typename": "Product"}], "retailSetProducts": []}, {"id": "591497ZK", "brand": "JUMBO", "category": "Aardappelen, groente en fruit", "subtitle": "400 g", "title": "Jumbo Mediterraanse Roerbakmix 400g", "image": "https://retrieval.dam-lite.prod.aws.jumbo.com/fit-in/360x360/Products/516964ZK1c548f17b-e087-4324-b640-e44fbdb409da-1695796738786.png", "inAssortment": true, "availability": {"availability": "AVAILABLE", "isAvailable": true, "label": null, "stockLimit": null, "__typename": "ProductAvailability"}, "sponsored": false, "auctionId": null, "link": "/producten/jumbo-mediterraanse-roerbakmix-400g-591497ZK", "retailSet": false, "prices": {"price": 329, "promoPrice": null, "pricePerUnit": {"price": 823, "unit": "kg", "__typename": "PricePerUnit"}, "__typename": "Price"}, "quantityDetails": {"maxAmount": 99, "minAmount": 1, "stepAmount": 1, "defaultAmount": 1, "__typename": "Quantity"}, "primaryBadge": [], "secondaryBadges": [{"alt": "NIEUW", "image": "/INTERSHOP/static/WFS/Jumbo-Site/Grocery/Jumbo-Grocery/nl_NL/PIMProductBadge/nieuw.png", "__typename": "Badge"}, {"alt": "THT logo", "image": "/INTERSHOP/static/WFS/Jumbo-Site/Grocery/Jumbo-Grocery/nl_NL/PIMProductBadge/tht-1+.png", "__typename": "Badge"}], "badgeDescription": "1+ dagen houdbaar", "customerAllergies": {"short": "", "__typename": "CustomerAllergies"}, "promotions": [{"id": "3798022-C-1", "group": "Seizoen", "isKiesAndMix": false, "image": "/INTERSHOP/static/WFS/Jumbo-Grocery-Site/-/Jumbo-Grocery/nl_NL/Images_Aanbiedingen/2023/Seizoensaanbiedingen/SA12/Jumbo%20roerbakgroente_280px.png", "tags": [{"text": "2 voor \u20ac 3,50", "inverse": false, "__typename": "PromotionTag"}], "start": {"dayShort": "wo", "date": 8, "monthShort": "nov", "__typename": "PromotionDateTime"}, "end": {"dayShort": "di", "date": 5, "monthShort": "dec", "__typename": "PromotionDateTime"}, "attachments": [{"type": "PromotionGroup-Badge", "path": "/INTERSHOP/web/WFS/Jumbo-Grocery-Site/nl_NL/-/EUR/ViewPromotionAttachment-OpenFile?unitName=Jumbo&LocaleId=nl_NL&DirectoryPath=PromotionBadges&FileName=Seizoen.svg", "__typename": "PromotionAttachment"}], "primaryBadge": [{"alt": "PromotionGroup-Badge", "image": "/INTERSHOP/web/WFS/Jumbo-Grocery-Site/nl_NL/-/EUR/ViewPromotionAttachment-OpenFile?unitName=Jumbo&LocaleId=nl_NL&DirectoryPath=PromotionBadges&FileName=Seizoen.svg", "__typename": "PromotionBadge"}], "__typename": "Promotion"}], "surcharges": [], "__typename": "Product", "crossSells": [], "retailSetProducts": []}, {"id": "458818STK", "brand": null, "category": "Aardappelen, groente en fruit", "subtitle": "100 g", "title": "Jumbo Kurkuma Koenjit 100g", "image": "https://retrieval.dam-lite.prod.aws.jumbo.com/fit-in/360x360/Products/29092023_1695995410077_1695995423779_8718452612345_1.png", "inAssortment": true, "availability": {"availability": "AVAILABLE", "isAvailable": true, "label": null, "stockLimit": null, "__typename": "ProductAvailability"}, "sponsored": false, "auctionId": null, "link": "/producten/jumbo-kurkuma-koenjit-100g-458818STK", "retailSet": false, "prices": {"price": 199, "promoPrice": null, "pricePerUnit": {"price": 1990, "unit": "kg", "__typename": "PricePerUnit"}, "__typename": "Price"}, "quantityDetails": {"maxAmount": 99, "minAmount": 1, "stepAmount": 1, "defaultAmount": 1, "__typename": "Quantity"}, "primaryBadge": [], "secondaryBadges": [], "badgeDescription": null, "customerAllergies": {"short": "", "__typename": "CustomerAllergies"}, "promotions": [], "surcharges": [], "__typename": "Product", "crossSells": [], "retailSetProducts": []}, {"id": "302245STK", "brand": "Jumbo", "category": "Aardappelen, groente en fruit", "subtitle": null, "title": "Jumbo Courgette", "image": "https://retrieval.dam-lite.prod.aws.jumbo.com/fit-in/360x360/Products/18092023_1695063186921_1695063188788_25003017_1.png", "inAssortment": true, "availability": {"availability": "AVAILABLE", "isAvailable": true, "label": null, "stockLimit": null, "__typename": "ProductAvailability"}, "sponsored": false, "auctionId": null, "link": "/producten/jumbo-courgette-302245STK", "retailSet": false, "prices": {"price": 89, "promoPrice": null, "pricePerUnit": {"price": 89, "unit": "pieces", "__typename": "PricePerUnit"}, "__typename": "Price"}, "quantityDetails": {"maxAmount": 99, "minAmount": 1, "stepAmount": 1, "defaultAmount": 1, "__typename": "Quantity"}, "primaryBadge": [], "secondaryBadges": [], "badgeDescription": null, "customerAllergies": {"short": "", "__typename": "CustomerAllergies"}, "promotions": [], "surcharges": [], "__typename": "Product", "crossSells": [], "retailSetProducts": []}, {"id": "212178STK", "brand": "JUMBO", "category": "Aardappelen, groente en fruit", "subtitle": "400 g", "title": "Jumbo Andijvie 400g", "image": "https://retrieval.dam-lite.prod.aws.jumbo.com/fit-in/360x360/Products/09082023_1691587246440_1691587253883_8718452309832_1.png", "inAssortment": true, "availability": {"availability": "AVAILABLE", "isAvailable": true, "label": null, "stockLimit": null, "__typename": "ProductAvailability"}, "sponsored": false, "auctionId": null, "link": "/producten/jumbo-andijvie-400g-212178STK", "retailSet": false, "prices": {"price": 179, "promoPrice": null, "pricePerUnit": {"price": 448, "unit": "kg", "__typename": "PricePerUnit"}, "__typename": "Price"}, "quantityDetails": {"maxAmount": 99, "minAmount": 1, "stepAmount": 1, "defaultAmount": 1, "__typename": "Quantity"}, "primaryBadge": [], "secondaryBadges": [{"alt": "THT logo", "image": "/INTERSHOP/static/WFS/Jumbo-Site/Grocery/Jumbo-Grocery/nl_NL/PIMProductBadge/tht-2+.png", "__typename": "Badge"}], "badgeDescription": "2+ dagen houdbaar", "customerAllergies": {"short": "", "__typename": "CustomerAllergies"}, "promotions": [], "surcharges": [], "__typename": "Product", "crossSells": [{"sku": "92452TRA", "__typename": "Product"}, {"sku": "547365TRA", "__typename": "Product"}, {"sku": "392327ZK", "__typename": "Product"}, {"sku": "413479ZK", "__typename": "Product"}, {"sku": "516887ZK", "__typename": "Product"}], "retailSetProducts": []}, {"id": "384346CUP", "brand": "JUMBO", "category": "Ontbijt, broodbeleg en bakproducten", "subtitle": "250 g", "title": "Jumbo Gewelde Abrikozen 250g", "image": "https://retrieval.dam-lite.prod.aws.jumbo.com/fit-in/360x360/Products/09082023_1691587397198_1691587412470_8718452488520_1.png", "inAssortment": true, "availability": {"availability": "AVAILABLE", "isAvailable": true, "label": null, "stockLimit": null, "__typename": "ProductAvailability"}, "sponsored": false, "auctionId": null, "link": "/producten/jumbo-gewelde-abrikozen-250g-384346CUP", "retailSet": false, "prices": {"price": 449, "promoPrice": null, "pricePerUnit": {"price": 1796, "unit": "kg", "__typename": "PricePerUnit"}, "__typename": "Price"}, "quantityDetails": {"maxAmount": 99, "minAmount": 1, "stepAmount": 1, "defaultAmount": 1, "__typename": "Quantity"}, "primaryBadge": [], "secondaryBadges": [], "badgeDescription": null, "customerAllergies": {"short": "", "__typename": "CustomerAllergies"}, "promotions": [], "surcharges": [], "__typename": "Product", "crossSells": [], "retailSetProducts": []}, {"id": "531827FLS", "brand": "Jumbo", "category": "Aardappelen, groente en fruit", "subtitle": "500 ml", "title": "Jumbo Vers Sap Ananas, Meloen, Mango & Passievrucht 500ML", "image": "https://retrieval.dam-lite.prod.aws.jumbo.com/fit-in/360x360/Products/531827_8718452668748_1_T1_211827FLS1691078437823.png", "inAssortment": true, "availability": {"availability": "AVAILABLE", "isAvailable": true, "label": null, "stockLimit": null, "__typename": "ProductAvailability"}, "sponsored": false, "auctionId": null, "link": "/producten/jumbo-vers-sap-ananas-meloen-mango-passievrucht-500ml-531827FLS", "retailSet": false, "prices": {"price": 229, "promoPrice": null, "pricePerUnit": {"price": 458, "unit": "l", "__typename": "PricePerUnit"}, "__typename": "Price"}, "quantityDetails": {"maxAmount": 99, "minAmount": 1, "stepAmount": 1, "defaultAmount": 1, "__typename": "Quantity"}, "primaryBadge": [], "secondaryBadges": [{"alt": "THT logo", "image": "/INTERSHOP/static/WFS/Jumbo-Site/Grocery/Jumbo-Grocery/nl_NL/PIMProductBadge/tht-10+.png", "__typename": "Badge"}], "badgeDescription": "10+ dagen houdbaar", "customerAllergies": {"short": "", "__typename": "CustomerAllergies"}, "promotions": [], "surcharges": [], "__typename": "Product", "crossSells": [], "retailSetProducts": []}, {"id": "329569ZK", "brand": "Jumbo", "category": "Aardappelen, groente en fruit", "subtitle": "100 g", "title": "Jumbo Botersla 100g", "image": "https://retrieval.dam-lite.prod.aws.jumbo.com/fit-in/360x360/Products/09082023_1691585110984_1691585126701_8718452316014_1.png", "inAssortment": true, "availability": {"availability": "AVAILABLE", "isAvailable": true, "label": null, "stockLimit": null, "__typename": "ProductAvailability"}, "sponsored": false, "auctionId": null, "link": "/producten/jumbo-botersla-100g-329569ZK", "retailSet": false, "prices": {"price": 249, "promoPrice": null, "pricePerUnit": {"price": 2490, "unit": "kg", "__typename": "PricePerUnit"}, "__typename": "Price"}, "quantityDetails": {"maxAmount": 99, "minAmount": 1, "stepAmount": 1, "defaultAmount": 1, "__typename": "Quantity"}, "primaryBadge": [], "secondaryBadges": [{"alt": "THT logo", "image": "/INTERSHOP/static/WFS/Jumbo-Site/Grocery/Jumbo-Grocery/nl_NL/PIMProductBadge/tht-2+.png", "__typename": "Badge"}], "badgeDescription": "2+ dagen houdbaar", "customerAllergies": {"short": "", "__typename": "CustomerAllergies"}, "promotions": [], "surcharges": [], "__typename": "Product", "crossSells": [], "retailSetProducts": []}, {"id": "70840STK", "brand": "Beste Choice", "category": "Aardappelen, groente en fruit", "subtitle": "450 g", "title": "Best Choice Groene Asperges 450g", "image": "https://retrieval.dam-lite.prod.aws.jumbo.com/fit-in/360x360/Products/18092023_1695027956140_1695027961493_5400279000407_1.png", "inAssortment": true, "availability": {"availability": "AVAILABLE", "isAvailable": true, "label": null, "stockLimit": null, "__typename": "ProductAvailability"}, "sponsored": false, "auctionId": null, "link": "/producten/best-choice-groene-asperges-450g-70840STK", "retailSet": false, "prices": {"price": 603, "promoPrice": null, "pricePerUnit": {"price": 1340, "unit": "kg", "__typename": "PricePerUnit"}, "__typename": "Price"}, "quantityDetails": {"maxAmount": 99, "minAmount": 1, "stepAmount": 1, "defaultAmount": 1, "__typename": "Quantity"}, "primaryBadge": [], "secondaryBadges": [], "badgeDescription": null, "customerAllergies": {"short": "", "__typename": "CustomerAllergies"}, "promotions": [], "surcharges": [], "__typename": "Product", "crossSells": [], "retailSetProducts": []}, {"id": "546040ZK", "brand": "JUMBO", "category": "Aardappelen, groente en fruit", "subtitle": "1000 g", "title": "Jumbo Verse Franse Frietjes Voorgebakken 1kg", "image": "https://retrieval.dam-lite.prod.aws.jumbo.com/fit-in/360x360/Products/546040_8718452705153_1_T1_390734ZK1691078823883.png", "inAssortment": true, "availability": {"availability": "AVAILABLE", "isAvailable": true, "label": null, "stockLimit": null, "__typename": "ProductAvailability"}, "sponsored": false, "auctionId": null, "link": "/producten/jumbo-verse-franse-frietjes-voorgebakken-1kg-546040ZK", "retailSet": false, "prices": {"price": 250, "promoPrice": null, "pricePerUnit": {"price": 250, "unit": "kg", "__typename": "PricePerUnit"}, "__typename": "Price"}, "quantityDetails": {"maxAmount": 99, "minAmount": 1, "stepAmount": 1, "defaultAmount": 1, "__typename": "Quantity"}, "primaryBadge": [], "secondaryBadges": [{"alt": "THT logo", "image": "/INTERSHOP/static/WFS/Jumbo-Site/Grocery/Jumbo-Grocery/nl_NL/PIMProductBadge/tht-5+.png", "__typename": "Badge"}], "badgeDescription": "5+ dagen houdbaar", "customerAllergies": {"short": "", "__typename": "CustomerAllergies"}, "promotions": [], "surcharges": [], "__typename": "Product", "crossSells": [], "retailSetProducts": []}, {"id": "577954DS", "brand": "JUMBO", "category": "Verse maaltijden en gemak", "subtitle": "200 g", "title": "Jumbo Snacksalade Groene Groenten 200g", "image": "https://retrieval.dam-lite.prod.aws.jumbo.com/fit-in/360x360/Products/09082023_1691594837838_1691594843703_8718452722181_1.png", "inAssortment": true, "availability": {"availability": "AVAILABLE", "isAvailable": true, "label": null, "stockLimit": null, "__typename": "ProductAvailability"}, "sponsored": false, "auctionId": null, "link": "/producten/jumbo-snacksalade-groene-groenten-200g-577954DS", "retailSet": false, "prices": {"price": 299, "promoPrice": null, "pricePerUnit": {"price": 1495, "unit": "kg", "__typename": "PricePerUnit"}, "__typename": "Price"}, "quantityDetails": {"maxAmount": 99, "minAmount": 1, "stepAmount": 1, "defaultAmount": 1, "__typename": "Quantity"}, "primaryBadge": [], "secondaryBadges": [{"alt": "THT logo", "image": "/INTERSHOP/static/WFS/Jumbo-Site/Grocery/Jumbo-Grocery/nl_NL/PIMProductBadge/tht-1+.png", "__typename": "Badge"}], "badgeDescription": "1+ dagen houdbaar", "customerAllergies": {"short": "", "__typename": "CustomerAllergies"}, "promotions": [], "surcharges": [], "__typename": "Product", "crossSells": [], "retailSetProducts": []}, {"id": "557293DS", "brand": "JUMBO", "category": "Aardappelen, groente en fruit", "subtitle": "150 g", "title": "Jumbo Fruitstukjes Honingmeloen, Ananas, Cantaloupemeloen, Druif & Aardbei 150g", "image": "https://retrieval.dam-lite.prod.aws.jumbo.com/fit-in/360x360/Products/09082023_1691594176443_1691594179141_8718452698356_1.png", "inAssortment": true, "availability": {"availability": "TEMPORARILY_UNAVAILABLE", "isAvailable": false, "label": "Niet leverbaar", "stockLimit": null, "__typename": "ProductAvailability"}, "sponsored": false, "auctionId": null, "link": "/producten/jumbo-fruitstukjes-honingmeloen-ananas-cantaloupemeloen-druif-aardbei-150g-557293DS", "retailSet": false, "prices": {"price": 229, "promoPrice": null, "pricePerUnit": {"price": 1527, "unit": "kg", "__typename": "PricePerUnit"}, "__typename": "Price"}, "quantityDetails": {"maxAmount": 99, "minAmount": 1, "stepAmount": 1, "defaultAmount": 1, "__typename": "Quantity"}, "primaryBadge": [], "secondaryBadges": [], "badgeDescription": null, "customerAllergies": {"short": "", "__typename": "CustomerAllergies"}, "promotions": [{"id": "9396023-C-1", "group": "Seizoen", "isKiesAndMix": true, "image": "/INTERSHOP/static/WFS/Jumbo-Grocery-Site/-/Jumbo-Grocery/nl_NL/Images_Aanbiedingen/2023/Kies%20en%20Mix/KMgesnfruit.png", "tags": [{"text": "3 voor \u20ac 6,00", "inverse": false, "__typename": "PromotionTag"}], "start": {"dayShort": "vr", "date": 3, "monthShort": "nov", "__typename": "PromotionDateTime"}, "end": {"dayShort": "di", "date": 5, "monthShort": "dec", "__typename": "PromotionDateTime"}, "attachments": [{"type": "CustomBadge", "path": "/INTERSHOP/web/WFS/Jumbo-Grocery-Site/nl_NL/-/EUR/ViewPromotionAttachment-OpenFile?LocaleId=nl_NL&DirectoryPath=0003-Kies%26Mix&FileName=Kies_mix_nieuw.png&UnitName=Jumbo-Grocery", "__typename": "PromotionAttachment"}, {"type": "PromotionGroup-Badge", "path": "/INTERSHOP/web/WFS/Jumbo-Grocery-Site/nl_NL/-/EUR/ViewPromotionAttachment-OpenFile?unitName=Jumbo&LocaleId=nl_NL&DirectoryPath=PromotionBadges&FileName=Seizoen.svg", "__typename": "PromotionAttachment"}], "primaryBadge": [{"alt": "CustomBadge", "image": "/INTERSHOP/web/WFS/Jumbo-Grocery-Site/nl_NL/-/EUR/ViewPromotionAttachment-OpenFile?LocaleId=nl_NL&DirectoryPath=0003-Kies%26Mix&FileName=Kies_mix_nieuw.png&UnitName=Jumbo-Grocery", "__typename": "PromotionBadge"}, {"alt": "PromotionGroup-Badge", "image": "/INTERSHOP/web/WFS/Jumbo-Grocery-Site/nl_NL/-/EUR/ViewPromotionAttachment-OpenFile?unitName=Jumbo&LocaleId=nl_NL&DirectoryPath=PromotionBadges&FileName=Seizoen.svg", "__typename": "PromotionBadge"}], "__typename": "Promotion"}], "surcharges": [], "__typename": "Product", "crossSells": [], "retailSetProducts": []}, {"id": "204538STK", "brand": "Jumbo", "category": "Aardappelen, groente en fruit", "subtitle": "15 G", "title": "Jumbo Salie Vers 15g", "image": "https://retrieval.dam-lite.prod.aws.jumbo.com/fit-in/360x360/Products/09082023_1691584972021_1691584978444_8718452301928_1.png", "inAssortment": true, "availability": {"availability": "AVAILABLE", "isAvailable": true, "label": null, "stockLimit": null, "__typename": "ProductAvailability"}, "sponsored": false, "auctionId": null, "link": "/producten/jumbo-salie-vers-15g-204538STK", "retailSet": false, "prices": {"price": 129, "promoPrice": null, "pricePerUnit": {"price": 8600, "unit": "kg", "__typename": "PricePerUnit"}, "__typename": "Price"}, "quantityDetails": {"maxAmount": 99, "minAmount": 1, "stepAmount": 1, "defaultAmount": 1, "__typename": "Quantity"}, "primaryBadge": [], "secondaryBadges": [{"alt": "THT logo", "image": "/INTERSHOP/static/WFS/Jumbo-Site/Grocery/Jumbo-Grocery/nl_NL/PIMProductBadge/tht-2+.png", "__typename": "Badge"}], "badgeDescription": "2+ dagen houdbaar", "customerAllergies": {"short": "", "__typename": "CustomerAllergies"}, "promotions": [], "surcharges": [], "__typename": "Product", "crossSells": [], "retailSetProducts": []}, {"id": "383154ZK", "brand": "JUMBO", "category": "Aardappelen, groente en fruit", "subtitle": "3 kg", "title": "Jumbo Aardappelen voor Friet 3kg", "image": "https://retrieval.dam-lite.prod.aws.jumbo.com/fit-in/360x360/Products/29092023_1695995272307_1695995278251_8718452499274_1.png", "inAssortment": true, "availability": {"availability": "AVAILABLE", "isAvailable": true, "label": null, "stockLimit": null, "__typename": "ProductAvailability"}, "sponsored": false, "auctionId": null, "link": "/producten/jumbo-aardappelen-voor-friet-3kg-383154ZK", "retailSet": false, "prices": {"price": 469, "promoPrice": null, "pricePerUnit": {"price": 156, "unit": "kg", "__typename": "PricePerUnit"}, "__typename": "Price"}, "quantityDetails": {"maxAmount": 99, "minAmount": 1, "stepAmount": 1, "defaultAmount": 1, "__typename": "Quantity"}, "primaryBadge": [], "secondaryBadges": [{"alt": "Van dichtbij", "image": "/INTERSHOP/static/WFS/Jumbo-Site/Grocery/Jumbo-Grocery/nl_NL/PIMProductBadge/van-dichtbij.png", "__typename": "Badge"}], "badgeDescription": null, "customerAllergies": {"short": "", "__typename": "CustomerAllergies"}, "promotions": [], "surcharges": [], "__typename": "Product", "crossSells": [], "retailSetProducts": []}, {"id": "213023STK", "brand": "Jumbo", "category": "Aardappelen, groente en fruit", "subtitle": "450 g", "title": "Jumbo Gekruide Opbakaardappelen met Schil 450g", "image": "https://retrieval.dam-lite.prod.aws.jumbo.com/fit-in/360x360/Products/09082023_1691585024269_1691585040547_8718452330157_1.png", "inAssortment": true, "availability": {"availability": "AVAILABLE", "isAvailable": true, "label": null, "stockLimit": null, "__typename": "ProductAvailability"}, "sponsored": false, "auctionId": null, "link": "/producten/jumbo-gekruide-opbakaardappelen-met-schil-450g-213023STK", "retailSet": false, "prices": {"price": 149, "promoPrice": null, "pricePerUnit": {"price": 331, "unit": "kg", "__typename": "PricePerUnit"}, "__typename": "Price"}, "quantityDetails": {"maxAmount": 99, "minAmount": 1, "stepAmount": 1, "defaultAmount": 1, "__typename": "Quantity"}, "primaryBadge": [], "secondaryBadges": [{"alt": "THT logo", "image": "/INTERSHOP/static/WFS/Jumbo-Site/Grocery/Jumbo-Grocery/nl_NL/PIMProductBadge/tht-2+.png", "__typename": "Badge"}], "badgeDescription": "2+ dagen houdbaar", "customerAllergies": {"short": "", "__typename": "CustomerAllergies"}, "promotions": [], "surcharges": [], "__typename": "Product", "crossSells": [], "retailSetProducts": []}, {"id": "513496STK", "brand": "Jumbo", "category": "Aardappelen, groente en fruit", "subtitle": null, "title": "Jumbo Watermeloen Pitloos 1 Stuk", "image": "https://retrieval.dam-lite.prod.aws.jumbo.com/fit-in/360x360/Products/18092023_1695027956935_1695027966187_25003185_1.png", "inAssortment": true, "availability": {"availability": "AVAILABLE", "isAvailable": true, "label": null, "stockLimit": null, "__typename": "ProductAvailability"}, "sponsored": false, "auctionId": null, "link": "/producten/jumbo-watermeloen-pitloos-1-stuk-513496STK", "retailSet": false, "prices": {"price": 489, "promoPrice": null, "pricePerUnit": {"price": 489, "unit": "pieces", "__typename": "PricePerUnit"}, "__typename": "Price"}, "quantityDetails": {"maxAmount": 99, "minAmount": 1, "stepAmount": 1, "defaultAmount": 1, "__typename": "Quantity"}, "primaryBadge": [], "secondaryBadges": [], "badgeDescription": null, "customerAllergies": {"short": "", "__typename": "CustomerAllergies"}, "promotions": [], "surcharges": [], "__typename": "Product", "crossSells": [], "retailSetProducts": []}, {"id": "237829ZK", "brand": "Jumbo", "category": "Aardappelen, groente en fruit", "subtitle": "250 g", "title": "Jumbo Champignon Roerbakmix 250 g - Kleinverpakking", "image": "https://retrieval.dam-lite.prod.aws.jumbo.com/fit-in/360x360/Products/09082023_1691585359155_1691585368010_8718452311583_1.png", "inAssortment": true, "availability": {"availability": "AVAILABLE", "isAvailable": true, "label": null, "stockLimit": null, "__typename": "ProductAvailability"}, "sponsored": false, "auctionId": null, "link": "/producten/jumbo-champignon-roerbakmix-250-g-kleinverpakking-237829ZK", "retailSet": false, "prices": {"price": 189, "promoPrice": null, "pricePerUnit": {"price": 756, "unit": "kg", "__typename": "PricePerUnit"}, "__typename": "Price"}, "quantityDetails": {"maxAmount": 99, "minAmount": 1, "stepAmount": 1, "defaultAmount": 1, "__typename": "Quantity"}, "primaryBadge": [], "secondaryBadges": [{"alt": "THT logo", "image": "/INTERSHOP/static/WFS/Jumbo-Site/Grocery/Jumbo-Grocery/nl_NL/PIMProductBadge/tht-2+.png", "__typename": "Badge"}], "badgeDescription": "2+ dagen houdbaar", "customerAllergies": {"short": "", "__typename": "CustomerAllergies"}, "promotions": [], "surcharges": [], "__typename": "Product", "crossSells": [], "retailSetProducts": []}, {"id": "191012STK", "brand": "Jumbo", "category": "Aardappelen, groente en fruit", "subtitle": null, "title": "Jumbo Aubergine Biologisch", "image": "https://retrieval.dam-lite.prod.aws.jumbo.com/fit-in/360x360/Products/09082023_1691584439075_1691584461891_8718452257584_1.png", "inAssortment": true, "availability": {"availability": "AVAILABLE", "isAvailable": true, "label": null, "stockLimit": null, "__typename": "ProductAvailability"}, "sponsored": false, "auctionId": null, "link": "/producten/jumbo-aubergine-biologisch-191012STK", "retailSet": false, "prices": {"price": 159, "promoPrice": null, "pricePerUnit": {"price": 159, "unit": "pieces", "__typename": "PricePerUnit"}, "__typename": "Price"}, "quantityDetails": {"maxAmount": 99, "minAmount": 1, "stepAmount": 1, "defaultAmount": 1, "__typename": "Quantity"}, "primaryBadge": [], "secondaryBadges": [], "badgeDescription": null, "customerAllergies": {"short": "", "__typename": "CustomerAllergies"}, "promotions": [], "surcharges": [], "__typename": "Product", "crossSells": [], "retailSetProducts": []}, {"id": "230552ZK", "brand": "JUMBO", "category": "Aardappelen, groente en fruit", "subtitle": "400 g", "title": "Jumbo Italiaanse Roerbakmix Zonder Ui 400g", "image": "https://retrieval.dam-lite.prod.aws.jumbo.com/fit-in/360x360/Products/29092023_1695995173263_1695995184727_8718452516179_1.png", "inAssortment": true, "availability": {"availability": "AVAILABLE", "isAvailable": true, "label": null, "stockLimit": null, "__typename": "ProductAvailability"}, "sponsored": false, "auctionId": null, "link": "/producten/jumbo-italiaanse-roerbakmix-zonder-ui-400g-230552ZK", "retailSet": false, "prices": {"price": 249, "promoPrice": null, "pricePerUnit": {"price": 623, "unit": "kg", "__typename": "PricePerUnit"}, "__typename": "Price"}, "quantityDetails": {"maxAmount": 99, "minAmount": 1, "stepAmount": 1, "defaultAmount": 1, "__typename": "Quantity"}, "primaryBadge": [], "secondaryBadges": [{"alt": "THT logo", "image": "/INTERSHOP/static/WFS/Jumbo-Site/Grocery/Jumbo-Grocery/nl_NL/PIMProductBadge/tht-2+.png", "__typename": "Badge"}], "badgeDescription": "2+ dagen houdbaar", "customerAllergies": {"short": "", "__typename": "CustomerAllergies"}, "promotions": [{"id": "3798022-C-1", "group": "Seizoen", "isKiesAndMix": false, "image": "/INTERSHOP/static/WFS/Jumbo-Grocery-Site/-/Jumbo-Grocery/nl_NL/Images_Aanbiedingen/2023/Seizoensaanbiedingen/SA12/Jumbo%20roerbakgroente_280px.png", "tags": [{"text": "2 voor \u20ac 3,50", "inverse": false, "__typename": "PromotionTag"}], "start": {"dayShort": "wo", "date": 8, "monthShort": "nov", "__typename": "PromotionDateTime"}, "end": {"dayShort": "di", "date": 5, "monthShort": "dec", "__typename": "PromotionDateTime"}, "attachments": [{"type": "PromotionGroup-Badge", "path": "/INTERSHOP/web/WFS/Jumbo-Grocery-Site/nl_NL/-/EUR/ViewPromotionAttachment-OpenFile?unitName=Jumbo&LocaleId=nl_NL&DirectoryPath=PromotionBadges&FileName=Seizoen.svg", "__typename": "PromotionAttachment"}], "primaryBadge": [{"alt": "PromotionGroup-Badge", "image": "/INTERSHOP/web/WFS/Jumbo-Grocery-Site/nl_NL/-/EUR/ViewPromotionAttachment-OpenFile?unitName=Jumbo&LocaleId=nl_NL&DirectoryPath=PromotionBadges&FileName=Seizoen.svg", "__typename": "PromotionBadge"}], "__typename": "Promotion"}], "surcharges": [], "__typename": "Product", "crossSells": [], "retailSetProducts": []}, {"id": "391875ZK", "brand": "Jumbo", "category": "Aardappelen, groente en fruit", "subtitle": "600 g", "title": "Jumbo Aardappelschijfjes 600g", "image": "https://retrieval.dam-lite.prod.aws.jumbo.com/fit-in/360x360/Products/09082023_1691585200389_1691585212603_8718452309214_1.png", "inAssortment": true, "availability": {"availability": "AVAILABLE", "isAvailable": true, "label": null, "stockLimit": null, "__typename": "ProductAvailability"}, "sponsored": false, "auctionId": null, "link": "/producten/jumbo-aardappelschijfjes-600g-391875ZK", "retailSet": false, "prices": {"price": 123, "promoPrice": null, "pricePerUnit": {"price": 205, "unit": "kg", "__typename": "PricePerUnit"}, "__typename": "Price"}, "quantityDetails": {"maxAmount": 99, "minAmount": 1, "stepAmount": 1, "defaultAmount": 1, "__typename": "Quantity"}, "primaryBadge": [], "secondaryBadges": [{"alt": "THT logo", "image": "/INTERSHOP/static/WFS/Jumbo-Site/Grocery/Jumbo-Grocery/nl_NL/PIMProductBadge/tht-2+.png", "__typename": "Badge"}], "badgeDescription": "2+ dagen houdbaar", "customerAllergies": {"short": "", "__typename": "CustomerAllergies"}, "promotions": [], "surcharges": [], "__typename": "Product", "crossSells": [{"sku": "478570DS", "__typename": "Product"}, {"sku": "516703STK", "__typename": "Product"}, {"sku": "185050STK", "__typename": "Product"}, {"sku": "476941FLS", "__typename": "Product"}], "retailSetProducts": []}, {"id": "305789BAK", "brand": null, "category": "Aardappelen, groente en fruit", "subtitle": "80 g", "title": "Zeekraal 80g", "image": "https://retrieval.dam-lite.prod.aws.jumbo.com/fit-in/360x360/Products/10082023_1691674906510_1691674925912_8718503612584_1.png", "inAssortment": true, "availability": {"availability": "AVAILABLE", "isAvailable": true, "label": null, "stockLimit": null, "__typename": "ProductAvailability"}, "sponsored": false, "auctionId": null, "link": "/producten/zeekraal-80g-305789BAK", "retailSet": false, "prices": {"price": 255, "promoPrice": null, "pricePerUnit": {"price": 3188, "unit": "kg", "__typename": "PricePerUnit"}, "__typename": "Price"}, "quantityDetails": {"maxAmount": 99, "minAmount": 1, "stepAmount": 1, "defaultAmount": 1, "__typename": "Quantity"}, "primaryBadge": [], "secondaryBadges": [{"alt": "THT logo", "image": "/INTERSHOP/static/WFS/Jumbo-Site/Grocery/Jumbo-Grocery/nl_NL/PIMProductBadge/tht-7+.png", "__typename": "Badge"}], "badgeDescription": "7+ dagen houdbaar", "customerAllergies": {"short": "", "__typename": "CustomerAllergies"}, "promotions": [], "surcharges": [], "__typename": "Product", "crossSells": [], "retailSetProducts": []}, {"id": "167486ZK", "brand": "JUMBO", "category": "Aardappelen, groente en fruit", "subtitle": null, "title": "Jumbo Gieser Wildeman Peren 1, 5KG", "image": "https://retrieval.dam-lite.prod.aws.jumbo.com/fit-in/360x360/Products/02112023_1698928627816_1698928639204_8718452140176_1.png", "inAssortment": true, "availability": {"availability": "AVAILABLE", "isAvailable": true, "label": null, "stockLimit": null, "__typename": "ProductAvailability"}, "sponsored": false, "auctionId": null, "link": "/producten/jumbo-gieser-wildeman-peren-1,5kg-167486ZK", "retailSet": false, "prices": {"price": 449, "promoPrice": null, "pricePerUnit": {"price": 299, "unit": "kg", "__typename": "PricePerUnit"}, "__typename": "Price"}, "quantityDetails": {"maxAmount": 99, "minAmount": 1, "stepAmount": 1, "defaultAmount": 1, "__typename": "Quantity"}, "primaryBadge": [], "secondaryBadges": [{"alt": "NIEUW", "image": "/INTERSHOP/static/WFS/Jumbo-Site/Grocery/Jumbo-Grocery/nl_NL/PIMProductBadge/nieuw.png", "__typename": "Badge"}, {"alt": "Van dichtbij", "image": "/INTERSHOP/static/WFS/Jumbo-Site/Grocery/Jumbo-Grocery/nl_NL/PIMProductBadge/van-dichtbij.png", "__typename": "Badge"}, {"alt": "THT logo", "image": "/INTERSHOP/static/WFS/Jumbo-Site/Grocery/Jumbo-Grocery/nl_NL/PIMProductBadge/tht-1+.png", "__typename": "Badge"}], "badgeDescription": "1+ dagen houdbaar", "customerAllergies": {"short": "", "__typename": "CustomerAllergies"}, "promotions": [], "surcharges": [], "__typename": "Product", "crossSells": [{"sku": "182879STK", "__typename": "Product"}], "retailSetProducts": []}, {"id": "531825FLS", "brand": "Jumbo", "category": "Aardappelen, groente en fruit", "subtitle": "500 ml", "title": "Jumbo Vers Sap Blauwe Bes, Appel & Limoen 500ML", "image": "https://retrieval.dam-lite.prod.aws.jumbo.com/fit-in/360x360/Products/531825_8718452668724_1_T1_211824FLS1691078902037.png", "inAssortment": true, "availability": {"availability": "AVAILABLE", "isAvailable": true, "label": null, "stockLimit": null, "__typename": "ProductAvailability"}, "sponsored": false, "auctionId": null, "link": "/producten/jumbo-vers-sap-blauwe-bes-appel-limoen-500ml-531825FLS", "retailSet": false, "prices": {"price": 229, "promoPrice": null, "pricePerUnit": {"price": 458, "unit": "l", "__typename": "PricePerUnit"}, "__typename": "Price"}, "quantityDetails": {"maxAmount": 99, "minAmount": 1, "stepAmount": 1, "defaultAmount": 1, "__typename": "Quantity"}, "primaryBadge": [], "secondaryBadges": [{"alt": "THT logo", "image": "/INTERSHOP/static/WFS/Jumbo-Site/Grocery/Jumbo-Grocery/nl_NL/PIMProductBadge/tht-10+.png", "__typename": "Badge"}], "badgeDescription": "10+ dagen houdbaar", "customerAllergies": {"short": "", "__typename": "CustomerAllergies"}, "promotions": [], "surcharges": [], "__typename": "Product", "crossSells": [], "retailSetProducts": []}, {"id": "192034ZK", "brand": "Jumbo", "category": "Koek, snoep, chocolade en chips", "subtitle": "30 g", "title": "Jumbo Geroosterde Pijnboompitten 30g", "image": "https://retrieval.dam-lite.prod.aws.jumbo.com/fit-in/360x360/Products/09082023_1691584439869_1691584465791_8718452236343_1.png", "inAssortment": true, "availability": {"availability": "AVAILABLE", "isAvailable": true, "label": null, "stockLimit": null, "__typename": "ProductAvailability"}, "sponsored": false, "auctionId": null, "link": "/producten/jumbo-geroosterde-pijnboompitten-30g-192034ZK", "retailSet": false, "prices": {"price": 235, "promoPrice": null, "pricePerUnit": {"price": 7833, "unit": "kg", "__typename": "PricePerUnit"}, "__typename": "Price"}, "quantityDetails": {"maxAmount": 99, "minAmount": 1, "stepAmount": 1, "defaultAmount": 1, "__typename": "Quantity"}, "primaryBadge": [], "secondaryBadges": [], "badgeDescription": null, "customerAllergies": {"short": "", "__typename": "CustomerAllergies"}, "promotions": [], "surcharges": [], "__typename": "Product", "crossSells": [{"sku": "423362ZK", "__typename": "Product"}, {"sku": "492902ZK", "__typename": "Product"}, {"sku": "393186CUP", "__typename": "Product"}, {"sku": "573220POT", "__typename": "Product"}, {"sku": "213102PAK", "__typename": "Product"}], "retailSetProducts": []}, {"id": "543359STK", "brand": "JUMBO", "category": "Aardappelen, groente en fruit", "subtitle": null, "title": "Jumbo Prei ca. 215g", "image": "https://retrieval.dam-lite.prod.aws.jumbo.com/fit-in/360x360/Products/18092023_1695059507098_1695059511451_8718452689743_1.png", "inAssortment": true, "availability": {"availability": "AVAILABLE", "isAvailable": true, "label": null, "stockLimit": null, "__typename": "ProductAvailability"}, "sponsored": false, "auctionId": null, "link": "/producten/jumbo-prei-ca-215g-543359STK", "retailSet": false, "prices": {"price": 52, "promoPrice": null, "pricePerUnit": {"price": 52, "unit": "pieces", "__typename": "PricePerUnit"}, "__typename": "Price"}, "quantityDetails": {"maxAmount": 99, "minAmount": 1, "stepAmount": 1, "defaultAmount": 1, "__typename": "Quantity"}, "primaryBadge": [], "secondaryBadges": [{"alt": "Van dichtbij", "image": "/INTERSHOP/static/WFS/Jumbo-Site/Grocery/Jumbo-Grocery/nl_NL/PIMProductBadge/van-dichtbij.png", "__typename": "Badge"}], "badgeDescription": null, "customerAllergies": {"short": "", "__typename": "CustomerAllergies"}, "promotions": [], "surcharges": [], "__typename": "Product", "crossSells": [], "retailSetProducts": []}, {"id": "577392DS", "brand": "Eurosalad", "category": "Aardappelen, groente en fruit", "subtitle": "200 gram", "title": "Eurosalad Rode Bieten Salade 200g", "image": "https://retrieval.dam-lite.prod.aws.jumbo.com/fit-in/360x360/Products/09082023_1691586885240_1691586897188_8718481863145_1.png", "inAssortment": true, "availability": {"availability": "AVAILABLE", "isAvailable": true, "label": null, "stockLimit": null, "__typename": "ProductAvailability"}, "sponsored": false, "auctionId": null, "link": "/producten/eurosalad-rode-bieten-salade-200g-577392DS", "retailSet": false, "prices": {"price": 279, "promoPrice": null, "pricePerUnit": {"price": 1395, "unit": "kg", "__typename": "PricePerUnit"}, "__typename": "Price"}, "quantityDetails": {"maxAmount": 99, "minAmount": 1, "stepAmount": 1, "defaultAmount": 1, "__typename": "Quantity"}, "primaryBadge": [], "secondaryBadges": [{"alt": "THT logo", "image": "/INTERSHOP/static/WFS/Jumbo-Site/Grocery/Jumbo-Grocery/nl_NL/PIMProductBadge/tht-1+.png", "__typename": "Badge"}], "badgeDescription": "1+ dagen houdbaar", "customerAllergies": {"short": "", "__typename": "CustomerAllergies"}, "promotions": [], "surcharges": [], "__typename": "Product", "crossSells": [], "retailSetProducts": []}, {"id": "191723ZK", "brand": "Jumbo", "category": "Koek, snoep, chocolade en chips", "subtitle": "400 g", "title": "Jumbo Walnoten in Dop 400g", "image": "https://retrieval.dam-lite.prod.aws.jumbo.com/fit-in/360x360/Products/09082023_1691584439615_1691584455202_8718452252947_1.png", "inAssortment": true, "availability": {"availability": "AVAILABLE", "isAvailable": true, "label": null, "stockLimit": null, "__typename": "ProductAvailability"}, "sponsored": false, "auctionId": null, "link": "/producten/jumbo-walnoten-in-dop-400g-191723ZK", "retailSet": false, "prices": {"price": 269, "promoPrice": null, "pricePerUnit": {"price": 673, "unit": "kg", "__typename": "PricePerUnit"}, "__typename": "Price"}, "quantityDetails": {"maxAmount": 99, "minAmount": 1, "stepAmount": 1, "defaultAmount": 1, "__typename": "Quantity"}, "primaryBadge": [], "secondaryBadges": [], "badgeDescription": null, "customerAllergies": {"short": "", "__typename": "CustomerAllergies"}, "promotions": [], "surcharges": [], "__typename": "Product", "crossSells": [], "retailSetProducts": []}, {"id": "531838FLS", "brand": "Jumbo", "category": "Aardappelen, groente en fruit", "subtitle": "250 ml", "title": "Jumbo Verse Smoothie Yoghurt, Bosvruchten, Banaan & Appel 250ML", "image": "https://retrieval.dam-lite.prod.aws.jumbo.com/fit-in/360x360/Products/531838_8718452668854_1_T1_336329FLS1691076487354.png", "inAssortment": true, "availability": {"availability": "TEMPORARILY_UNAVAILABLE", "isAvailable": false, "label": "Niet leverbaar", "stockLimit": null, "__typename": "ProductAvailability"}, "sponsored": false, "auctionId": null, "link": "/producten/jumbo-verse-smoothie-yoghurt-bosvruchten-banaan-appel-250ml-531838FLS", "retailSet": false, "prices": {"price": 199, "promoPrice": null, "pricePerUnit": {"price": 796, "unit": "l", "__typename": "PricePerUnit"}, "__typename": "Price"}, "quantityDetails": {"maxAmount": 99, "minAmount": 1, "stepAmount": 1, "defaultAmount": 1, "__typename": "Quantity"}, "primaryBadge": [], "secondaryBadges": [{"alt": "THT logo", "image": "/INTERSHOP/static/WFS/Jumbo-Site/Grocery/Jumbo-Grocery/nl_NL/PIMProductBadge/tht-10+.png", "__typename": "Badge"}], "badgeDescription": "10+ dagen houdbaar", "customerAllergies": {"short": "", "__typename": "CustomerAllergies"}, "promotions": [], "surcharges": [], "__typename": "Product", "crossSells": [], "retailSetProducts": []}, {"id": "462775BAK", "brand": "Jumbo", "category": "Aardappelen, groente en fruit", "subtitle": "250 G", "title": "Jumbo Champignons Biologisch 250g", "image": "https://retrieval.dam-lite.prod.aws.jumbo.com/fit-in/360x360/Products/29092023_1695996432654_1695996442565_8718452601318_1.png", "inAssortment": true, "availability": {"availability": "AVAILABLE", "isAvailable": true, "label": null, "stockLimit": null, "__typename": "ProductAvailability"}, "sponsored": false, "auctionId": null, "link": "/producten/jumbo-champignons-biologisch-250g-462775BAK", "retailSet": false, "prices": {"price": 185, "promoPrice": null, "pricePerUnit": {"price": 740, "unit": "kg", "__typename": "PricePerUnit"}, "__typename": "Price"}, "quantityDetails": {"maxAmount": 99, "minAmount": 1, "stepAmount": 1, "defaultAmount": 1, "__typename": "Quantity"}, "primaryBadge": [], "secondaryBadges": [{"alt": "THT logo", "image": "/INTERSHOP/static/WFS/Jumbo-Site/Grocery/Jumbo-Grocery/nl_NL/PIMProductBadge/tht-2+.png", "__typename": "Badge"}, {"alt": "Van dichtbij", "image": "/INTERSHOP/static/WFS/Jumbo-Site/Grocery/Jumbo-Grocery/nl_NL/PIMProductBadge/van-dichtbij.png", "__typename": "Badge"}], "badgeDescription": "2+ dagen houdbaar", "customerAllergies": {"short": "", "__typename": "CustomerAllergies"}, "promotions": [], "surcharges": [], "__typename": "Product", "crossSells": [], "retailSetProducts": []}, {"id": "421763CUP", "brand": null, "category": "Aardappelen, groente en fruit", "subtitle": "400 gram", "title": "Boeren Rauwkost met Wortel en Selderij 400g", "image": "https://retrieval.dam-lite.prod.aws.jumbo.com/fit-in/360x360/Products/10082023_1691674906874_1691674927578_8711145234855_1.png", "inAssortment": true, "availability": {"availability": "AVAILABLE", "isAvailable": true, "label": null, "stockLimit": null, "__typename": "ProductAvailability"}, "sponsored": false, "auctionId": null, "link": "/producten/boeren-rauwkost-met-wortel-en-selderij-400g-421763CUP", "retailSet": false, "prices": {"price": 275, "promoPrice": null, "pricePerUnit": {"price": 688, "unit": "kg", "__typename": "PricePerUnit"}, "__typename": "Price"}, "quantityDetails": {"maxAmount": 99, "minAmount": 1, "stepAmount": 1, "defaultAmount": 1, "__typename": "Quantity"}, "primaryBadge": [], "secondaryBadges": [{"alt": "THT logo", "image": "/INTERSHOP/static/WFS/Jumbo-Site/Grocery/Jumbo-Grocery/nl_NL/PIMProductBadge/tht-9+.png", "__typename": "Badge"}], "badgeDescription": "9+ dagen houdbaar", "customerAllergies": {"short": "", "__typename": "CustomerAllergies"}, "promotions": [], "surcharges": [], "__typename": "Product", "crossSells": [], "retailSetProducts": []}, {"id": "578884DS", "brand": "Jumbo", "category": "Aardappelen, groente en fruit", "subtitle": "125 G", "title": "Jumbo Blauwe Bessen 125g", "image": "https://retrieval.dam-lite.prod.aws.jumbo.com/fit-in/360x360/Products/18092023_1695058491783_1695058500927_8718449039070_1.png", "inAssortment": true, "availability": {"availability": "AVAILABLE", "isAvailable": true, "label": null, "stockLimit": null, "__typename": "ProductAvailability"}, "sponsored": false, "auctionId": null, "link": "/producten/jumbo-blauwe-bessen-125g-578884DS", "retailSet": false, "prices": {"price": 249, "promoPrice": null, "pricePerUnit": {"price": 1992, "unit": "kg", "__typename": "PricePerUnit"}, "__typename": "Price"}, "quantityDetails": {"maxAmount": 99, "minAmount": 1, "stepAmount": 1, "defaultAmount": 1, "__typename": "Quantity"}, "primaryBadge": [], "secondaryBadges": [], "badgeDescription": null, "customerAllergies": {"short": "", "__typename": "CustomerAllergies"}, "promotions": [], "surcharges": [], "__typename": "Product", "crossSells": [{"sku": "211863BAK", "__typename": "Product"}, {"sku": "526687BAK", "__typename": "Product"}, {"sku": "579479DS", "__typename": "Product"}], "retailSetProducts": []}, {"id": "212183STK", "brand": "JUMBO", "category": "Aardappelen, groente en fruit", "subtitle": "400 g", "title": "Jumbo Snijbonen 400g", "image": "https://retrieval.dam-lite.prod.aws.jumbo.com/fit-in/360x360/Products/09082023_1691587246516_1691587255220_8718452309818_1.png", "inAssortment": true, "availability": {"availability": "AVAILABLE", "isAvailable": true, "label": null, "stockLimit": null, "__typename": "ProductAvailability"}, "sponsored": false, "auctionId": null, "link": "/producten/jumbo-snijbonen-400g-212183STK", "retailSet": false, "prices": {"price": 229, "promoPrice": null, "pricePerUnit": {"price": 573, "unit": "kg", "__typename": "PricePerUnit"}, "__typename": "Price"}, "quantityDetails": {"maxAmount": 99, "minAmount": 1, "stepAmount": 1, "defaultAmount": 1, "__typename": "Quantity"}, "primaryBadge": [], "secondaryBadges": [{"alt": "THT logo", "image": "/INTERSHOP/static/WFS/Jumbo-Site/Grocery/Jumbo-Grocery/nl_NL/PIMProductBadge/tht-2+.png", "__typename": "Badge"}], "badgeDescription": "2+ dagen houdbaar", "customerAllergies": {"short": "", "__typename": "CustomerAllergies"}, "promotions": [], "surcharges": [], "__typename": "Product", "crossSells": [], "retailSetProducts": []}, {"id": "554902FLS", "brand": null, "category": "Aardappelen, groente en fruit", "subtitle": "750 ml", "title": "Fruity Smoothie 100% Smoothie Mango Passievrucht Appel Banaan 750ml", "image": "https://retrieval.dam-lite.prod.aws.jumbo.com/fit-in/360x360/Products/554902_4006220017817_1_T1_269910STK1691065137233.png", "inAssortment": true, "availability": {"availability": "AVAILABLE", "isAvailable": true, "label": null, "stockLimit": null, "__typename": "ProductAvailability"}, "sponsored": false, "auctionId": null, "link": "/producten/fruity-smoothie-100-smoothie-mango-passievrucht-appel-banaan-750ml-554902FLS", "retailSet": false, "prices": {"price": 209, "promoPrice": null, "pricePerUnit": {"price": 279, "unit": "l", "__typename": "PricePerUnit"}, "__typename": "Price"}, "quantityDetails": {"maxAmount": 99, "minAmount": 1, "stepAmount": 1, "defaultAmount": 1, "__typename": "Quantity"}, "primaryBadge": [], "secondaryBadges": [{"alt": "THT logo", "image": "/INTERSHOP/static/WFS/Jumbo-Site/Grocery/Jumbo-Grocery/nl_NL/PIMProductBadge/tht-9+.png", "__typename": "Badge"}], "badgeDescription": "9+ dagen houdbaar", "customerAllergies": {"short": "", "__typename": "CustomerAllergies"}, "promotions": [], "surcharges": [], "__typename": "Product", "crossSells": [], "retailSetProducts": []}, {"id": "212147STK", "brand": "Jumbo", "category": "Aardappelen, groente en fruit", "subtitle": "250 g", "title": "Jumbo Verse Zuurkool 250 g - Kleinverpakking", "image": "https://retrieval.dam-lite.prod.aws.jumbo.com/fit-in/360x360/Products/29092023_1695995015275_1695995026224_8718452310142_1.png", "inAssortment": true, "availability": {"availability": "AVAILABLE", "isAvailable": true, "label": null, "stockLimit": null, "__typename": "ProductAvailability"}, "sponsored": false, "auctionId": null, "link": "/producten/jumbo-verse-zuurkool-250-g-kleinverpakking-212147STK", "retailSet": false, "prices": {"price": 119, "promoPrice": null, "pricePerUnit": {"price": 476, "unit": "kg", "__typename": "PricePerUnit"}, "__typename": "Price"}, "quantityDetails": {"maxAmount": 99, "minAmount": 1, "stepAmount": 1, "defaultAmount": 1, "__typename": "Quantity"}, "primaryBadge": [], "secondaryBadges": [{"alt": "THT logo", "image": "/INTERSHOP/static/WFS/Jumbo-Site/Grocery/Jumbo-Grocery/nl_NL/PIMProductBadge/tht-2+.png", "__typename": "Badge"}, {"alt": "NIEUW", "image": "/INTERSHOP/static/WFS/Jumbo-Site/Grocery/Jumbo-Grocery/nl_NL/PIMProductBadge/nieuw.png", "__typename": "Badge"}], "badgeDescription": "2+ dagen houdbaar", "customerAllergies": {"short": "", "__typename": "CustomerAllergies"}, "promotions": [], "surcharges": [], "__typename": "Product", "crossSells": [], "retailSetProducts": []}, {"id": "340477GLS", "brand": "Jumbo", "category": "Aardappelen, groente en fruit", "subtitle": "280 g", "title": "Jumbo Aspergestukjes 280g", "image": "https://retrieval.dam-lite.prod.aws.jumbo.com/fit-in/360x360/Products/09082023_1691586624688_1691586632036_8718452403103_1.png", "inAssortment": true, "availability": {"availability": "AVAILABLE", "isAvailable": true, "label": null, "stockLimit": null, "__typename": "ProductAvailability"}, "sponsored": false, "auctionId": null, "link": "/producten/jumbo-aspergestukjes-280g-340477GLS", "retailSet": false, "prices": {"price": 299, "promoPrice": null, "pricePerUnit": {"price": 1759, "unit": "kg", "__typename": "PricePerUnit"}, "__typename": "Price"}, "quantityDetails": {"maxAmount": 99, "minAmount": 1, "stepAmount": 1, "defaultAmount": 1, "__typename": "Quantity"}, "primaryBadge": [], "secondaryBadges": [], "badgeDescription": null, "customerAllergies": {"short": "", "__typename": "CustomerAllergies"}, "promotions": [], "surcharges": [], "__typename": "Product", "crossSells": [], "retailSetProducts": []}, {"id": "529614FLS", "brand": "Jumbo", "category": "Aardappelen, groente en fruit", "subtitle": "250 ml", "title": "Jumbo Verse Smoothie Ananas, Kokos & Banaan 250ML", "image": "https://retrieval.dam-lite.prod.aws.jumbo.com/fit-in/360x360/Products/529614_8718452668571_1_T1_189163FLS1691079052819.png", "inAssortment": true, "availability": {"availability": "AVAILABLE", "isAvailable": true, "label": null, "stockLimit": null, "__typename": "ProductAvailability"}, "sponsored": false, "auctionId": null, "link": "/producten/jumbo-verse-smoothie-ananas-kokos-banaan-250ml-529614FLS", "retailSet": false, "prices": {"price": 199, "promoPrice": null, "pricePerUnit": {"price": 796, "unit": "l", "__typename": "PricePerUnit"}, "__typename": "Price"}, "quantityDetails": {"maxAmount": 99, "minAmount": 1, "stepAmount": 1, "defaultAmount": 1, "__typename": "Quantity"}, "primaryBadge": [], "secondaryBadges": [{"alt": "THT logo", "image": "/INTERSHOP/static/WFS/Jumbo-Site/Grocery/Jumbo-Grocery/nl_NL/PIMProductBadge/tht-10+.png", "__typename": "Badge"}], "badgeDescription": "10+ dagen houdbaar", "customerAllergies": {"short": "", "__typename": "CustomerAllergies"}, "promotions": [], "surcharges": [], "__typename": "Product", "crossSells": [], "retailSetProducts": []}, {"id": "577390DS", "brand": "Eurosalad", "category": "Aardappelen, groente en fruit", "subtitle": "200 gram", "title": "Eurosalad Verslanderij Salade 200g", "image": "https://retrieval.dam-lite.prod.aws.jumbo.com/fit-in/360x360/Products/09082023_1691586885578_1691586907462_8718481863176_1.png", "inAssortment": true, "availability": {"availability": "AVAILABLE", "isAvailable": true, "label": null, "stockLimit": null, "__typename": "ProductAvailability"}, "sponsored": false, "auctionId": null, "link": "/producten/eurosalad-verslanderij-salade-200g-577390DS", "retailSet": false, "prices": {"price": 299, "promoPrice": null, "pricePerUnit": {"price": 1495, "unit": "kg", "__typename": "PricePerUnit"}, "__typename": "Price"}, "quantityDetails": {"maxAmount": 99, "minAmount": 1, "stepAmount": 1, "defaultAmount": 1, "__typename": "Quantity"}, "primaryBadge": [], "secondaryBadges": [{"alt": "THT logo", "image": "/INTERSHOP/static/WFS/Jumbo-Site/Grocery/Jumbo-Grocery/nl_NL/PIMProductBadge/tht-1+.png", "__typename": "Badge"}], "badgeDescription": "1+ dagen houdbaar", "customerAllergies": {"short": "", "__typename": "CustomerAllergies"}, "promotions": [], "surcharges": [], "__typename": "Product", "crossSells": [], "retailSetProducts": []}, {"id": "372616SC", "brand": "Zespri\u2122", "category": "Aardappelen, groente en fruit", "subtitle": "4 stuks", "title": "Zespri Kiwifruit Organic Sungold 4 Stuks", "image": "https://retrieval.dam-lite.prod.aws.jumbo.com/fit-in/360x360/Products/09082023_1691586930296_1691586943588_8718452487288_1.png", "inAssortment": true, "availability": {"availability": "AVAILABLE", "isAvailable": true, "label": null, "stockLimit": null, "__typename": "ProductAvailability"}, "sponsored": false, "auctionId": null, "link": "/producten/zespri-kiwifruit-organic-sungold-4-stuks-372616SC", "retailSet": false, "prices": {"price": 499, "promoPrice": null, "pricePerUnit": {"price": 125, "unit": "pieces", "__typename": "PricePerUnit"}, "__typename": "Price"}, "quantityDetails": {"maxAmount": 99, "minAmount": 1, "stepAmount": 1, "defaultAmount": 1, "__typename": "Quantity"}, "primaryBadge": [], "secondaryBadges": [], "badgeDescription": null, "customerAllergies": {"short": "", "__typename": "CustomerAllergies"}, "promotions": [], "surcharges": [], "__typename": "Product", "crossSells": [{"sku": "483657NET", "__typename": "Product"}, {"sku": "226925ZK", "__typename": "Product"}], "retailSetProducts": []}, {"id": "578001ZK", "brand": "Jumbo", "category": "Aardappelen, groente en fruit", "subtitle": "335 g", "title": "Jumbo Groene Salade Witlof & Appel 335g", "image": "https://retrieval.dam-lite.prod.aws.jumbo.com/fit-in/360x360/Products/09082023_1691587087684_1691587106336_8718452483426_1.png", "inAssortment": true, "availability": {"availability": "AVAILABLE", "isAvailable": true, "label": null, "stockLimit": null, "__typename": "ProductAvailability"}, "sponsored": false, "auctionId": null, "link": "/producten/jumbo-groene-salade-witlof-appel-335g-578001ZK", "retailSet": false, "prices": {"price": 349, "promoPrice": null, "pricePerUnit": {"price": 1042, "unit": "kg", "__typename": "PricePerUnit"}, "__typename": "Price"}, "quantityDetails": {"maxAmount": 99, "minAmount": 1, "stepAmount": 1, "defaultAmount": 1, "__typename": "Quantity"}, "primaryBadge": [], "secondaryBadges": [{"alt": "THT logo", "image": "/INTERSHOP/static/WFS/Jumbo-Site/Grocery/Jumbo-Grocery/nl_NL/PIMProductBadge/tht-1+.png", "__typename": "Badge"}], "badgeDescription": "1+ dagen houdbaar", "customerAllergies": {"short": "", "__typename": "CustomerAllergies"}, "promotions": [], "surcharges": [], "__typename": "Product", "crossSells": [{"sku": "577920BAK", "__typename": "Product"}, {"sku": "577945BAK", "__typename": "Product"}, {"sku": "578014DS", "__typename": "Product"}, {"sku": "577945BAK", "__typename": "Product"}], "retailSetProducts": []}, {"id": "531820FLS", "brand": "JUMBO", "category": "Frisdrank en sappen", "subtitle": "250 ml", "title": "Jumbo Vers Sap Appel, Peer & Rood Fruit 250ML", "image": "https://retrieval.dam-lite.prod.aws.jumbo.com/fit-in/360x360/Products/531820_8718452668977_1_T1_466785FLS1691078086643.png", "inAssortment": true, "availability": {"availability": "AVAILABLE", "isAvailable": true, "label": null, "stockLimit": null, "__typename": "ProductAvailability"}, "sponsored": false, "auctionId": null, "link": "/producten/jumbo-vers-sap-appel-peer-rood-fruit-250ml-531820FLS", "retailSet": false, "prices": {"price": 189, "promoPrice": null, "pricePerUnit": {"price": 756, "unit": "l", "__typename": "PricePerUnit"}, "__typename": "Price"}, "quantityDetails": {"maxAmount": 99, "minAmount": 1, "stepAmount": 1, "defaultAmount": 1, "__typename": "Quantity"}, "primaryBadge": [], "secondaryBadges": [{"alt": "THT logo", "image": "/INTERSHOP/static/WFS/Jumbo-Site/Grocery/Jumbo-Grocery/nl_NL/PIMProductBadge/tht-10+.png", "__typename": "Badge"}], "badgeDescription": "10+ dagen houdbaar", "customerAllergies": {"short": "", "__typename": "CustomerAllergies"}, "promotions": [], "surcharges": [], "__typename": "Product", "crossSells": [], "retailSetProducts": []}, {"id": "438798ZK", "brand": "JUMBO", "category": "Diepvries", "subtitle": "450 g", "title": "Jumbo Gehakte Spinazie 450g", "image": "https://retrieval.dam-lite.prod.aws.jumbo.com/fit-in/360x360/Products/18092023_1695062995456_1695063002977_8718452722617_1.png", "inAssortment": true, "availability": {"availability": "AVAILABLE", "isAvailable": true, "label": null, "stockLimit": null, "__typename": "ProductAvailability"}, "sponsored": false, "auctionId": null, "link": "/producten/jumbo-gehakte-spinazie-450g-438798ZK", "retailSet": false, "prices": {"price": 62, "promoPrice": null, "pricePerUnit": {"price": 138, "unit": "kg", "__typename": "PricePerUnit"}, "__typename": "Price"}, "quantityDetails": {"maxAmount": 99, "minAmount": 1, "stepAmount": 1, "defaultAmount": 1, "__typename": "Quantity"}, "primaryBadge": [], "secondaryBadges": [{"alt": "Vriesvers", "image": "/INTERSHOP/static/WFS/Jumbo-Site/Grocery/Jumbo-Grocery/nl_NL/PIMProductBadge/sticker-freeze-51x51.png", "__typename": "Badge"}], "badgeDescription": null, "customerAllergies": {"short": "", "__typename": "CustomerAllergies"}, "promotions": [], "surcharges": [], "__typename": "Product", "crossSells": [], "retailSetProducts": []}, {"id": "212604ZK", "brand": "JUMBO", "category": "Aardappelen, groente en fruit", "subtitle": "300 g", "title": "Jumbo Salademix 300g", "image": "https://retrieval.dam-lite.prod.aws.jumbo.com/fit-in/360x360/Products/09082023_1691594719037_1691594725273_8718452316090_1.png", "inAssortment": true, "availability": {"availability": "AVAILABLE", "isAvailable": true, "label": null, "stockLimit": null, "__typename": "ProductAvailability"}, "sponsored": false, "auctionId": null, "link": "/producten/jumbo-salademix-300g-212604ZK", "retailSet": false, "prices": {"price": 129, "promoPrice": null, "pricePerUnit": {"price": 430, "unit": "kg", "__typename": "PricePerUnit"}, "__typename": "Price"}, "quantityDetails": {"maxAmount": 99, "minAmount": 1, "stepAmount": 1, "defaultAmount": 1, "__typename": "Quantity"}, "primaryBadge": [], "secondaryBadges": [{"alt": "THT logo", "image": "/INTERSHOP/static/WFS/Jumbo-Site/Grocery/Jumbo-Grocery/nl_NL/PIMProductBadge/tht-2+.png", "__typename": "Badge"}], "badgeDescription": "2+ dagen houdbaar", "customerAllergies": {"short": "", "__typename": "CustomerAllergies"}, "promotions": [], "surcharges": [], "__typename": "Product", "crossSells": [], "retailSetProducts": []}, {"id": "554903FLS", "brand": "Fruity Smoothie", "category": "Aardappelen, groente en fruit", "subtitle": "250 ML", "title": "Fruity Smoothie 100% Smoothie Mango Passievrucht Appel Banaan 250ml", "image": "https://retrieval.dam-lite.prod.aws.jumbo.com/fit-in/360x360/Products/554903_4006220017718_1_T1_153515STK1691065138424.png", "inAssortment": true, "availability": {"availability": "AVAILABLE", "isAvailable": true, "label": null, "stockLimit": null, "__typename": "ProductAvailability"}, "sponsored": false, "auctionId": null, "link": "/producten/fruity-smoothie-100-smoothie-mango-passievrucht-appel-banaan-250ml-554903FLS", "retailSet": false, "prices": {"price": 89, "promoPrice": null, "pricePerUnit": {"price": 356, "unit": "l", "__typename": "PricePerUnit"}, "__typename": "Price"}, "quantityDetails": {"maxAmount": 99, "minAmount": 1, "stepAmount": 1, "defaultAmount": 1, "__typename": "Quantity"}, "primaryBadge": [], "secondaryBadges": [{"alt": "THT logo", "image": "/INTERSHOP/static/WFS/Jumbo-Site/Grocery/Jumbo-Grocery/nl_NL/PIMProductBadge/tht-9+.png", "__typename": "Badge"}], "badgeDescription": "9+ dagen houdbaar", "customerAllergies": {"short": "", "__typename": "CustomerAllergies"}, "promotions": [], "surcharges": [], "__typename": "Product", "crossSells": [], "retailSetProducts": []}, {"id": "543431SC", "brand": "JUMBO", "category": "Aardappelen, groente en fruit", "subtitle": "4 stuks", "title": "Jumbo Elstar Appels 4 Stuks", "image": "https://retrieval.dam-lite.prod.aws.jumbo.com/fit-in/360x360/Products/10082023_1691677981285_1691678001104_8718452709977_1.png", "inAssortment": true, "availability": {"availability": "TEMPORARILY_UNAVAILABLE", "isAvailable": false, "label": "Niet leverbaar", "stockLimit": null, "__typename": "ProductAvailability"}, "sponsored": false, "auctionId": null, "link": "/producten/jumbo-elstar-appels-4-stuks-543431SC", "retailSet": false, "prices": {"price": 199, "promoPrice": null, "pricePerUnit": {"price": 50, "unit": "pieces", "__typename": "PricePerUnit"}, "__typename": "Price"}, "quantityDetails": {"maxAmount": 99, "minAmount": 1, "stepAmount": 1, "defaultAmount": 1, "__typename": "Quantity"}, "primaryBadge": [], "secondaryBadges": [{"alt": "Van dichtbij", "image": "/INTERSHOP/static/WFS/Jumbo-Site/Grocery/Jumbo-Grocery/nl_NL/PIMProductBadge/van-dichtbij.png", "__typename": "Badge"}], "badgeDescription": null, "customerAllergies": {"short": "", "__typename": "CustomerAllergies"}, "promotions": [], "surcharges": [], "__typename": "Product", "crossSells": [], "retailSetProducts": []}, {"id": "557500DS", "brand": "JUMBO", "category": "Aardappelen, groente en fruit", "subtitle": "300 G", "title": "Jumbo Watermeloen Stukjes 300G", "image": "https://retrieval.dam-lite.prod.aws.jumbo.com/fit-in/360x360/Products/09082023_1691594176569_1691594196812_8718452698585_1.png", "inAssortment": true, "availability": {"availability": "AVAILABLE", "isAvailable": true, "label": null, "stockLimit": null, "__typename": "ProductAvailability"}, "sponsored": false, "auctionId": null, "link": "/producten/jumbo-watermeloen-stukjes-300g-557500DS", "retailSet": false, "prices": {"price": 300, "promoPrice": null, "pricePerUnit": {"price": 1000, "unit": "kg", "__typename": "PricePerUnit"}, "__typename": "Price"}, "quantityDetails": {"maxAmount": 99, "minAmount": 1, "stepAmount": 1, "defaultAmount": 1, "__typename": "Quantity"}, "primaryBadge": [], "secondaryBadges": [], "badgeDescription": null, "customerAllergies": {"short": "", "__typename": "CustomerAllergies"}, "promotions": [{"id": "3771048-C-1", "group": "Week", "isKiesAndMix": false, "image": "/INTERSHOP/static/WFS/Jumbo-Grocery-Site/-/Jumbo-Grocery/nl_NL/Images_Aanbiedingen/2023/Weekaanbiedingen/Week%2045/Vers%20gesneden%20fruit_280px.png", "tags": [{"text": "2 voor \u20ac 4,50", "inverse": false, "__typename": "PromotionTag"}], "start": {"dayShort": "wo", "date": 8, "monthShort": "nov", "__typename": "PromotionDateTime"}, "end": {"dayShort": "di", "date": 14, "monthShort": "nov", "__typename": "PromotionDateTime"}, "attachments": [{"type": "PromotionGroup-Badge", "path": "/INTERSHOP/web/WFS/Jumbo-Grocery-Site/nl_NL/-/EUR/ViewPromotionAttachment-OpenFile?unitName=Jumbo&LocaleId=nl_NL&DirectoryPath=PromotionBadges&FileName=Week.svg", "__typename": "PromotionAttachment"}], "primaryBadge": [{"alt": "PromotionGroup-Badge", "image": "/INTERSHOP/web/WFS/Jumbo-Grocery-Site/nl_NL/-/EUR/ViewPromotionAttachment-OpenFile?unitName=Jumbo&LocaleId=nl_NL&DirectoryPath=PromotionBadges&FileName=Week.svg", "__typename": "PromotionBadge"}], "__typename": "Promotion"}], "surcharges": [], "__typename": "Product", "crossSells": [], "retailSetProducts": []}, {"id": "382829FLS", "brand": "Appelsientje", "category": "Frisdrank en sappen", "subtitle": "1 L", "title": "Appelsientje Mango Sinaasappel met Appel 1L", "image": "https://retrieval.dam-lite.prod.aws.jumbo.com/fit-in/360x360/Products/06112023_1699281423741_1699281427059_8720157463238_1.png", "inAssortment": true, "availability": {"availability": "AVAILABLE", "isAvailable": true, "label": null, "stockLimit": null, "__typename": "ProductAvailability"}, "sponsored": false, "auctionId": null, "link": "/producten/appelsientje-mango-sinaasappel-met-appel-1l-382829FLS", "retailSet": false, "prices": {"price": 249, "promoPrice": null, "pricePerUnit": {"price": 249, "unit": "l", "__typename": "PricePerUnit"}, "__typename": "Price"}, "quantityDetails": {"maxAmount": 99, "minAmount": 1, "stepAmount": 1, "defaultAmount": 1, "__typename": "Quantity"}, "primaryBadge": [], "secondaryBadges": [{"alt": "THT logo", "image": "/INTERSHOP/static/WFS/Jumbo-Site/Grocery/Jumbo-Grocery/nl_NL/PIMProductBadge/tht-10+.png", "__typename": "Badge"}], "badgeDescription": "10+ dagen houdbaar", "customerAllergies": {"short": "", "__typename": "CustomerAllergies"}, "promotions": [{"id": "pm25_appelsientje", "group": "Nvt", "isKiesAndMix": false, "image": "/INTERSHOP/static/WFS/Jumbo-Grocery-Site/-/Jumbo-Grocery/nl_NL/Images_Aanbiedingen/2023/Premiaat/appelsientje.png", "tags": [{"text": "Gratis glas bij 1 pak", "inverse": false, "__typename": "PromotionTag"}, {"text": "Alleen online - OP=OP", "inverse": true, "__typename": "PromotionTag"}], "start": {"dayShort": "wo", "date": 11, "monthShort": "okt", "__typename": "PromotionDateTime"}, "end": {"dayShort": "di", "date": 14, "monthShort": "nov", "__typename": "PromotionDateTime"}, "attachments": [], "primaryBadge": [], "__typename": "Promotion"}], "surcharges": [], "__typename": "Product", "crossSells": [], "retailSetProducts": []}, {"id": "191669ZK", "brand": "Jumbo", "category": "Aardappelen, groente en fruit", "subtitle": "400 g", "title": "Jumbo Gedroogde Kikkererwten 400g", "image": "https://retrieval.dam-lite.prod.aws.jumbo.com/fit-in/360x360/Products/09082023_1691584439433_1691584453667_8718452252572_1.png", "inAssortment": true, "availability": {"availability": "AVAILABLE", "isAvailable": true, "label": null, "stockLimit": null, "__typename": "ProductAvailability"}, "sponsored": false, "auctionId": null, "link": "/producten/jumbo-gedroogde-kikkererwten-400g-191669ZK", "retailSet": false, "prices": {"price": 179, "promoPrice": null, "pricePerUnit": {"price": 448, "unit": "kg", "__typename": "PricePerUnit"}, "__typename": "Price"}, "quantityDetails": {"maxAmount": 99, "minAmount": 1, "stepAmount": 1, "defaultAmount": 1, "__typename": "Quantity"}, "primaryBadge": [], "secondaryBadges": [], "badgeDescription": null, "customerAllergies": {"short": "", "__typename": "CustomerAllergies"}, "promotions": [], "surcharges": [], "__typename": "Product", "crossSells": [], "retailSetProducts": []}, {"id": "57014PAK", "brand": "Jumbo", "category": "Aardappelen, groente en fruit", "subtitle": "3 x 60 g", "title": "Jumbo a la minute Aardappelpuree 3 x 60g", "image": "https://retrieval.dam-lite.prod.aws.jumbo.com/fit-in/360x360/Products/10082023_1691674902567_1691674920732_8711715823748_1.png", "inAssortment": true, "availability": {"availability": "AVAILABLE", "isAvailable": true, "label": null, "stockLimit": null, "__typename": "ProductAvailability"}, "sponsored": false, "auctionId": null, "link": "/producten/jumbo-a-la-minute-aardappelpuree-3-x-60g-57014PAK", "retailSet": false, "prices": {"price": 159, "promoPrice": null, "pricePerUnit": {"price": 883, "unit": "kg", "__typename": "PricePerUnit"}, "__typename": "Price"}, "quantityDetails": {"maxAmount": 99, "minAmount": 1, "stepAmount": 1, "defaultAmount": 1, "__typename": "Quantity"}, "primaryBadge": [], "secondaryBadges": [], "badgeDescription": null, "customerAllergies": {"short": "", "__typename": "CustomerAllergies"}, "promotions": [], "surcharges": [], "__typename": "Product", "crossSells": [], "retailSetProducts": []}, {"id": "420505PAK", "brand": "CoolBest\u00ae", "category": "Aardappelen, groente en fruit", "subtitle": "1 LITER", "title": "CoolBest Passionfruit Heaven 1L", "image": "https://retrieval.dam-lite.prod.aws.jumbo.com/fit-in/360x360/Products/08092023_1694180103806_1694180108498_8720157463900_1.png", "inAssortment": true, "availability": {"availability": "AVAILABLE", "isAvailable": true, "label": null, "stockLimit": null, "__typename": "ProductAvailability"}, "sponsored": false, "auctionId": null, "link": "/producten/coolbest-passionfruit-heaven-1l-420505PAK", "retailSet": false, "prices": {"price": 252, "promoPrice": null, "pricePerUnit": {"price": 252, "unit": "l", "__typename": "PricePerUnit"}, "__typename": "Price"}, "quantityDetails": {"maxAmount": 99, "minAmount": 1, "stepAmount": 1, "defaultAmount": 1, "__typename": "Quantity"}, "primaryBadge": [], "secondaryBadges": [{"alt": "THT logo", "image": "/INTERSHOP/static/WFS/Jumbo-Site/Grocery/Jumbo-Grocery/nl_NL/PIMProductBadge/tht-10+.png", "__typename": "Badge"}], "badgeDescription": "10+ dagen houdbaar", "customerAllergies": {"short": "", "__typename": "CustomerAllergies"}, "promotions": [], "surcharges": [], "__typename": "Product", "crossSells": [], "retailSetProducts": []}, {"id": "501894ZK", "brand": "JUMBO", "category": "Koek, snoep, chocolade en chips", "subtitle": "175 g", "title": "Jumbo Biologisch Ongebrande Paranoten 175g", "image": "https://retrieval.dam-lite.prod.aws.jumbo.com/fit-in/360x360/Products/09082023_1691590664437_1691590674114_8718452633647_1.png", "inAssortment": true, "availability": {"availability": "AVAILABLE", "isAvailable": true, "label": null, "stockLimit": null, "__typename": "ProductAvailability"}, "sponsored": false, "auctionId": null, "link": "/producten/jumbo-biologisch-ongebrande-paranoten-175g-501894ZK", "retailSet": false, "prices": {"price": 364, "promoPrice": null, "pricePerUnit": {"price": 2080, "unit": "kg", "__typename": "PricePerUnit"}, "__typename": "Price"}, "quantityDetails": {"maxAmount": 99, "minAmount": 1, "stepAmount": 1, "defaultAmount": 1, "__typename": "Quantity"}, "primaryBadge": [], "secondaryBadges": [], "badgeDescription": null, "customerAllergies": {"short": "", "__typename": "CustomerAllergies"}, "promotions": [], "surcharges": [], "__typename": "Product", "crossSells": [], "retailSetProducts": []}, {"id": "195437ZK", "brand": "Castellino", "category": "Aardappelen, groente en fruit", "subtitle": "15 g", "title": "Castellino Gedroogd Eekhoorntjesbrood 15g", "image": "https://retrieval.dam-lite.prod.aws.jumbo.com/fit-in/360x360/Products/09082023_1691585023546_1691585037151_8010503444050_1.png", "inAssortment": true, "availability": {"availability": "AVAILABLE", "isAvailable": true, "label": null, "stockLimit": null, "__typename": "ProductAvailability"}, "sponsored": false, "auctionId": null, "link": "/producten/castellino-gedroogd-eekhoorntjesbrood-15g-195437ZK", "retailSet": false, "prices": {"price": 275, "promoPrice": null, "pricePerUnit": {"price": 18333, "unit": "kg", "__typename": "PricePerUnit"}, "__typename": "Price"}, "quantityDetails": {"maxAmount": 99, "minAmount": 1, "stepAmount": 1, "defaultAmount": 1, "__typename": "Quantity"}, "primaryBadge": [], "secondaryBadges": [], "badgeDescription": null, "customerAllergies": {"short": "", "__typename": "CustomerAllergies"}, "promotions": [], "surcharges": [], "__typename": "Product", "crossSells": [], "retailSetProducts": []}, {"id": "578009CUP", "brand": "snaqs", "category": "Koek, snoep, chocolade en chips", "subtitle": "40 gram", "title": "Snaqs Krokante Mix van Paddenstoelen 40g", "image": "https://retrieval.dam-lite.prod.aws.jumbo.com/fit-in/360x360/Products/10082023_1691675748610_1691675759850_7141241135472_1.png", "inAssortment": true, "availability": {"availability": "AVAILABLE", "isAvailable": true, "label": null, "stockLimit": null, "__typename": "ProductAvailability"}, "sponsored": false, "auctionId": null, "link": "/producten/snaqs-krokante-mix-van-paddenstoelen-40g-578009CUP", "retailSet": false, "prices": {"price": 219, "promoPrice": null, "pricePerUnit": {"price": 4380, "unit": "kg", "__typename": "PricePerUnit"}, "__typename": "Price"}, "quantityDetails": {"maxAmount": 99, "minAmount": 1, "stepAmount": 1, "defaultAmount": 1, "__typename": "Quantity"}, "primaryBadge": [], "secondaryBadges": [], "badgeDescription": null, "customerAllergies": {"short": "", "__typename": "CustomerAllergies"}, "promotions": [], "surcharges": [], "__typename": "Product", "crossSells": [], "retailSetProducts": []}, {"id": "462770PAK", "brand": "Jumbo", "category": "Aardappelen, groente en fruit", "subtitle": "150 g", "title": "Jumbo Oesterzwam 150g", "image": "https://retrieval.dam-lite.prod.aws.jumbo.com/fit-in/360x360/Products/18092023_1695034402970_1695034413189_8718452323104_1.png", "inAssortment": true, "availability": {"availability": "AVAILABLE", "isAvailable": true, "label": null, "stockLimit": null, "__typename": "ProductAvailability"}, "sponsored": false, "auctionId": null, "link": "/producten/jumbo-oesterzwam-150g-462770PAK", "retailSet": false, "prices": {"price": 165, "promoPrice": null, "pricePerUnit": {"price": 1100, "unit": "kg", "__typename": "PricePerUnit"}, "__typename": "Price"}, "quantityDetails": {"maxAmount": 99, "minAmount": 1, "stepAmount": 1, "defaultAmount": 1, "__typename": "Quantity"}, "primaryBadge": [], "secondaryBadges": [{"alt": "THT logo", "image": "/INTERSHOP/static/WFS/Jumbo-Site/Grocery/Jumbo-Grocery/nl_NL/PIMProductBadge/tht-2+.png", "__typename": "Badge"}, {"alt": "Van dichtbij", "image": "/INTERSHOP/static/WFS/Jumbo-Site/Grocery/Jumbo-Grocery/nl_NL/PIMProductBadge/van-dichtbij.png", "__typename": "Badge"}], "badgeDescription": "2+ dagen houdbaar", "customerAllergies": {"short": "", "__typename": "CustomerAllergies"}, "promotions": [], "surcharges": [], "__typename": "Product", "crossSells": [], "retailSetProducts": []}, {"id": "547254FLS", "brand": "JUMBO", "category": "Frisdrank en sappen", "subtitle": "125 ML", "title": "Jumbo Gember (9%) Shot met Appelsap Mild 125ML", "image": "https://retrieval.dam-lite.prod.aws.jumbo.com/fit-in/360x360/Products/547254_8718452712380_1_T1_491040FLS1691076369283.png", "inAssortment": true, "availability": {"availability": "AVAILABLE", "isAvailable": true, "label": null, "stockLimit": null, "__typename": "ProductAvailability"}, "sponsored": false, "auctionId": null, "link": "/producten/jumbo-gember-9-shot-met-appelsap-mild-125ml-547254FLS", "retailSet": false, "prices": {"price": 100, "promoPrice": null, "pricePerUnit": {"price": 800, "unit": "l", "__typename": "PricePerUnit"}, "__typename": "Price"}, "quantityDetails": {"maxAmount": 99, "minAmount": 1, "stepAmount": 1, "defaultAmount": 1, "__typename": "Quantity"}, "primaryBadge": [], "secondaryBadges": [{"alt": "THT logo", "image": "/INTERSHOP/static/WFS/Jumbo-Site/Grocery/Jumbo-Grocery/nl_NL/PIMProductBadge/tht-10+.png", "__typename": "Badge"}], "badgeDescription": "10+ dagen houdbaar", "customerAllergies": {"short": "", "__typename": "CustomerAllergies"}, "promotions": [], "surcharges": [], "__typename": "Product", "crossSells": [], "retailSetProducts": []}, {"id": "211819ZK", "brand": "JUMBO", "category": "Aardappelen, groente en fruit", "subtitle": "1000 g", "title": "Jumbo Stamppot Aardappelen 1kg - Voordeelverpakking", "image": "https://static-images.jumbo.com/product_images/200220210358_211819ZK-1_360x360_2.png", "inAssortment": true, "availability": {"availability": "TEMPORARILY_UNAVAILABLE", "isAvailable": false, "label": "Niet leverbaar", "stockLimit": null, "__typename": "ProductAvailability"}, "sponsored": false, "auctionId": null, "link": "/producten/jumbo-stamppot-aardappelen-1kg-voordeelverpakking-211819ZK", "retailSet": false, "prices": {"price": 198, "promoPrice": null, "pricePerUnit": {"price": 198, "unit": "kg", "__typename": "PricePerUnit"}, "__typename": "Price"}, "quantityDetails": {"maxAmount": 99, "minAmount": 1, "stepAmount": 1, "defaultAmount": 1, "__typename": "Quantity"}, "primaryBadge": [], "secondaryBadges": [{"alt": "THT logo", "image": "/INTERSHOP/static/WFS/Jumbo-Site/Grocery/Jumbo-Grocery/nl_NL/PIMProductBadge/tht-2+.png", "__typename": "Badge"}, {"alt": "NIEUW", "image": "/INTERSHOP/static/WFS/Jumbo-Site/Grocery/Jumbo-Grocery/nl_NL/PIMProductBadge/nieuw.png", "__typename": "Badge"}], "badgeDescription": "2+ dagen houdbaar", "customerAllergies": {"short": "", "__typename": "CustomerAllergies"}, "promotions": [], "surcharges": [], "__typename": "Product", "crossSells": [], "retailSetProducts": []}, {"id": "582312ZK", "brand": "C\u00ealaVita", "category": "Aardappelen, groente en fruit", "subtitle": "400 g", "title": "C\u00ealaV\u00edta Smaak Sensaties Sweet Chili 400 g Zak", "image": "https://retrieval.dam-lite.prod.aws.jumbo.com/fit-in/360x360/Products/12102023_1697099641944_1697099667972_8710556814205_596.png", "inAssortment": true, "availability": {"availability": "AVAILABLE", "isAvailable": true, "label": null, "stockLimit": null, "__typename": "ProductAvailability"}, "sponsored": false, "auctionId": null, "link": "/producten/celavita-smaak-sensaties-sweet-chili-400-g-zak-582312ZK", "retailSet": false, "prices": {"price": 147, "promoPrice": null, "pricePerUnit": {"price": 368, "unit": "kg", "__typename": "PricePerUnit"}, "__typename": "Price"}, "quantityDetails": {"maxAmount": 99, "minAmount": 1, "stepAmount": 1, "defaultAmount": 1, "__typename": "Quantity"}, "primaryBadge": [], "secondaryBadges": [{"alt": "THT logo", "image": "/INTERSHOP/static/WFS/Jumbo-Site/Grocery/Jumbo-Grocery/nl_NL/PIMProductBadge/tht-2+.png", "__typename": "Badge"}], "badgeDescription": "2+ dagen houdbaar", "customerAllergies": {"short": "", "__typename": "CustomerAllergies"}, "promotions": [], "surcharges": [], "__typename": "Product", "crossSells": [], "retailSetProducts": []}, {"id": "343913ZK", "brand": "Jumbo", "category": "Aardappelen, groente en fruit", "subtitle": "250 g", "title": "Jumbo Oosterse Wokgroente 250 g - Kleinverpakking", "image": "https://retrieval.dam-lite.prod.aws.jumbo.com/fit-in/360x360/Products/09082023_1691586715153_1691586727628_8718452450640_1.png", "inAssortment": true, "availability": {"availability": "AVAILABLE", "isAvailable": true, "label": null, "stockLimit": null, "__typename": "ProductAvailability"}, "sponsored": false, "auctionId": null, "link": "/producten/jumbo-oosterse-wokgroente-250-g-kleinverpakking-343913ZK", "retailSet": false, "prices": {"price": 239, "promoPrice": null, "pricePerUnit": {"price": 956, "unit": "kg", "__typename": "PricePerUnit"}, "__typename": "Price"}, "quantityDetails": {"maxAmount": 99, "minAmount": 1, "stepAmount": 1, "defaultAmount": 1, "__typename": "Quantity"}, "primaryBadge": [], "secondaryBadges": [{"alt": "THT logo", "image": "/INTERSHOP/static/WFS/Jumbo-Site/Grocery/Jumbo-Grocery/nl_NL/PIMProductBadge/tht-2+.png", "__typename": "Badge"}], "badgeDescription": "2+ dagen houdbaar", "customerAllergies": {"short": "", "__typename": "CustomerAllergies"}, "promotions": [], "surcharges": [], "__typename": "Product", "crossSells": [], "retailSetProducts": []}, {"id": "413478TRA", "brand": "JUMBO", "category": "Aardappelen, groente en fruit", "subtitle": "300 g", "title": "Jumbo Aardappel Kroketjes 300g", "image": "https://retrieval.dam-lite.prod.aws.jumbo.com/fit-in/360x360/Products/09082023_1691588062727_1691588135374_8718452530564_1.png", "inAssortment": true, "availability": {"availability": "AVAILABLE", "isAvailable": true, "label": null, "stockLimit": null, "__typename": "ProductAvailability"}, "sponsored": false, "auctionId": null, "link": "/producten/jumbo-aardappel-kroketjes-300g-413478TRA", "retailSet": false, "prices": {"price": 249, "promoPrice": null, "pricePerUnit": {"price": 830, "unit": "kg", "__typename": "PricePerUnit"}, "__typename": "Price"}, "quantityDetails": {"maxAmount": 99, "minAmount": 1, "stepAmount": 1, "defaultAmount": 1, "__typename": "Quantity"}, "primaryBadge": [], "secondaryBadges": [{"alt": "THT logo", "image": "/INTERSHOP/static/WFS/Jumbo-Site/Grocery/Jumbo-Grocery/nl_NL/PIMProductBadge/tht-2+.png", "__typename": "Badge"}], "badgeDescription": "2+ dagen houdbaar", "customerAllergies": {"short": "", "__typename": "CustomerAllergies"}, "promotions": [], "surcharges": [], "__typename": "Product", "crossSells": [], "retailSetProducts": []}, {"id": "531826FLS", "brand": "Jumbo", "category": "Aardappelen, groente en fruit", "subtitle": "500 ml", "title": "Jumbo Vers Sap Mango, Appel & Sinaasappel 500ML", "image": "https://retrieval.dam-lite.prod.aws.jumbo.com/fit-in/360x360/Products/531826_8718452668731_1_T1_211825FLS1691076388122.png", "inAssortment": true, "availability": {"availability": "AVAILABLE", "isAvailable": true, "label": null, "stockLimit": null, "__typename": "ProductAvailability"}, "sponsored": false, "auctionId": null, "link": "/producten/jumbo-vers-sap-mango-appel-sinaasappel-500ml-531826FLS", "retailSet": false, "prices": {"price": 229, "promoPrice": null, "pricePerUnit": {"price": 458, "unit": "l", "__typename": "PricePerUnit"}, "__typename": "Price"}, "quantityDetails": {"maxAmount": 99, "minAmount": 1, "stepAmount": 1, "defaultAmount": 1, "__typename": "Quantity"}, "primaryBadge": [], "secondaryBadges": [{"alt": "THT logo", "image": "/INTERSHOP/static/WFS/Jumbo-Site/Grocery/Jumbo-Grocery/nl_NL/PIMProductBadge/tht-10+.png", "__typename": "Badge"}], "badgeDescription": "10+ dagen houdbaar", "customerAllergies": {"short": "", "__typename": "CustomerAllergies"}, "promotions": [], "surcharges": [], "__typename": "Product", "crossSells": [], "retailSetProducts": []}, {"id": "237862STK", "brand": "Jumbo", "category": "Aardappelen, groente en fruit", "subtitle": "400 g", "title": "Jumbo Thaise Roerbakmix 400g", "image": "https://retrieval.dam-lite.prod.aws.jumbo.com/fit-in/360x360/Products/09082023_1691585110795_1691585141471_8718452311576_1.png", "inAssortment": true, "availability": {"availability": "AVAILABLE", "isAvailable": true, "label": null, "stockLimit": null, "__typename": "ProductAvailability"}, "sponsored": false, "auctionId": null, "link": "/producten/jumbo-thaise-roerbakmix-400g-237862STK", "retailSet": false, "prices": {"price": 199, "promoPrice": null, "pricePerUnit": {"price": 498, "unit": "kg", "__typename": "PricePerUnit"}, "__typename": "Price"}, "quantityDetails": {"maxAmount": 99, "minAmount": 1, "stepAmount": 1, "defaultAmount": 1, "__typename": "Quantity"}, "primaryBadge": [], "secondaryBadges": [{"alt": "THT logo", "image": "/INTERSHOP/static/WFS/Jumbo-Site/Grocery/Jumbo-Grocery/nl_NL/PIMProductBadge/tht-2+.png", "__typename": "Badge"}], "badgeDescription": "2+ dagen houdbaar", "customerAllergies": {"short": "", "__typename": "CustomerAllergies"}, "promotions": [{"id": "3798022-C-1", "group": "Seizoen", "isKiesAndMix": false, "image": "/INTERSHOP/static/WFS/Jumbo-Grocery-Site/-/Jumbo-Grocery/nl_NL/Images_Aanbiedingen/2023/Seizoensaanbiedingen/SA12/Jumbo%20roerbakgroente_280px.png", "tags": [{"text": "2 voor \u20ac 3,50", "inverse": false, "__typename": "PromotionTag"}], "start": {"dayShort": "wo", "date": 8, "monthShort": "nov", "__typename": "PromotionDateTime"}, "end": {"dayShort": "di", "date": 5, "monthShort": "dec", "__typename": "PromotionDateTime"}, "attachments": [{"type": "PromotionGroup-Badge", "path": "/INTERSHOP/web/WFS/Jumbo-Grocery-Site/nl_NL/-/EUR/ViewPromotionAttachment-OpenFile?unitName=Jumbo&LocaleId=nl_NL&DirectoryPath=PromotionBadges&FileName=Seizoen.svg", "__typename": "PromotionAttachment"}], "primaryBadge": [{"alt": "PromotionGroup-Badge", "image": "/INTERSHOP/web/WFS/Jumbo-Grocery-Site/nl_NL/-/EUR/ViewPromotionAttachment-OpenFile?unitName=Jumbo&LocaleId=nl_NL&DirectoryPath=PromotionBadges&FileName=Seizoen.svg", "__typename": "PromotionBadge"}], "__typename": "Promotion"}], "surcharges": [], "__typename": "Product", "crossSells": [{"sku": "170546FLS", "__typename": "Product"}, {"sku": "446398PAK", "__typename": "Product"}], "retailSetProducts": []}, {"id": "300262STK", "brand": "Jumbo", "category": "Aardappelen, groente en fruit", "subtitle": "2 stuks", "title": "Jumbo Eetrijp Avocado 2 Stuks", "image": "https://retrieval.dam-lite.prod.aws.jumbo.com/fit-in/360x360/Products/300262STKAvocadoEetrijpJumbo17ad79baa-47a2-4625-926c-04c99231aa62-1697014263549.png", "inAssortment": true, "availability": {"availability": "AVAILABLE", "isAvailable": true, "label": null, "stockLimit": null, "__typename": "ProductAvailability"}, "sponsored": false, "auctionId": null, "link": "/producten/jumbo-eetrijp-avocado-2-stuks-300262STK", "retailSet": false, "prices": {"price": 289, "promoPrice": null, "pricePerUnit": {"price": 145, "unit": "pieces", "__typename": "PricePerUnit"}, "__typename": "Price"}, "quantityDetails": {"maxAmount": 99, "minAmount": 1, "stepAmount": 1, "defaultAmount": 1, "__typename": "Quantity"}, "primaryBadge": [], "secondaryBadges": [], "badgeDescription": null, "customerAllergies": {"short": "", "__typename": "CustomerAllergies"}, "promotions": [{"id": "3798025-C-1", "group": "Seizoen", "isKiesAndMix": true, "image": "/INTERSHOP/static/WFS/Jumbo-Grocery-Site/-/Jumbo-Grocery/nl_NL/Images_Aanbiedingen/2023/Seizoensaanbiedingen/SA12/Kies%20en%20Mix%20Groente_280px.png", "tags": [{"text": "2 voor \u20ac 4,00", "inverse": false, "__typename": "PromotionTag"}], "start": {"dayShort": "wo", "date": 8, "monthShort": "nov", "__typename": "PromotionDateTime"}, "end": {"dayShort": "di", "date": 5, "monthShort": "dec", "__typename": "PromotionDateTime"}, "attachments": [{"type": "CustomBadge", "path": "/INTERSHOP/web/WFS/Jumbo-Grocery-Site/nl_NL/-/EUR/ViewPromotionAttachment-OpenFile?LocaleId=nl_NL&DirectoryPath=0003-Kies%26Mix&FileName=Kies_mix_nieuw.png&UnitName=Jumbo-Grocery", "__typename": "PromotionAttachment"}, {"type": "PromotionGroup-Badge", "path": "/INTERSHOP/web/WFS/Jumbo-Grocery-Site/nl_NL/-/EUR/ViewPromotionAttachment-OpenFile?unitName=Jumbo&LocaleId=nl_NL&DirectoryPath=PromotionBadges&FileName=Seizoen.svg", "__typename": "PromotionAttachment"}], "primaryBadge": [{"alt": "CustomBadge", "image": "/INTERSHOP/web/WFS/Jumbo-Grocery-Site/nl_NL/-/EUR/ViewPromotionAttachment-OpenFile?LocaleId=nl_NL&DirectoryPath=0003-Kies%26Mix&FileName=Kies_mix_nieuw.png&UnitName=Jumbo-Grocery", "__typename": "PromotionBadge"}, {"alt": "PromotionGroup-Badge", "image": "/INTERSHOP/web/WFS/Jumbo-Grocery-Site/nl_NL/-/EUR/ViewPromotionAttachment-OpenFile?unitName=Jumbo&LocaleId=nl_NL&DirectoryPath=PromotionBadges&FileName=Seizoen.svg", "__typename": "PromotionBadge"}], "__typename": "Promotion"}], "surcharges": [], "__typename": "Product", "crossSells": [], "retailSetProducts": []}, {"id": "247805STK", "brand": "Jumbo", "category": "Aardappelen, groente en fruit", "subtitle": "250 g", "title": "Jumbo Kastanjechampignons Gesneden 250g", "image": "https://retrieval.dam-lite.prod.aws.jumbo.com/fit-in/360x360/Products/09082023_1691585252054_1691585264559_8718452303236_1.png", "inAssortment": true, "availability": {"availability": "AVAILABLE", "isAvailable": true, "label": null, "stockLimit": null, "__typename": "ProductAvailability"}, "sponsored": false, "auctionId": null, "link": "/producten/jumbo-kastanjechampignons-gesneden-250g-247805STK", "retailSet": false, "prices": {"price": 259, "promoPrice": null, "pricePerUnit": {"price": 1036, "unit": "kg", "__typename": "PricePerUnit"}, "__typename": "Price"}, "quantityDetails": {"maxAmount": 99, "minAmount": 1, "stepAmount": 1, "defaultAmount": 1, "__typename": "Quantity"}, "primaryBadge": [], "secondaryBadges": [{"alt": "THT logo", "image": "/INTERSHOP/static/WFS/Jumbo-Site/Grocery/Jumbo-Grocery/nl_NL/PIMProductBadge/tht-2+.png", "__typename": "Badge"}], "badgeDescription": "2+ dagen houdbaar", "customerAllergies": {"short": "", "__typename": "CustomerAllergies"}, "promotions": [], "surcharges": [], "__typename": "Product", "crossSells": [], "retailSetProducts": []}, {"id": "534332PAK", "brand": "JUMBO", "category": "Aardappelen, groente en fruit", "subtitle": "500 GRAM", "title": "Jumbo Zoete Puntpaprika 500g", "image": "https://retrieval.dam-lite.prod.aws.jumbo.com/fit-in/360x360/Products/09082023_1691591319486_1691591436976_8718452566211_1.png", "inAssortment": true, "availability": {"availability": "AVAILABLE", "isAvailable": true, "label": null, "stockLimit": null, "__typename": "ProductAvailability"}, "sponsored": false, "auctionId": null, "link": "/producten/jumbo-zoete-puntpaprika-500g-534332PAK", "retailSet": false, "prices": {"price": 338, "promoPrice": null, "pricePerUnit": {"price": 676, "unit": "kg", "__typename": "PricePerUnit"}, "__typename": "Price"}, "quantityDetails": {"maxAmount": 99, "minAmount": 1, "stepAmount": 1, "defaultAmount": 1, "__typename": "Quantity"}, "primaryBadge": [], "secondaryBadges": [], "badgeDescription": null, "customerAllergies": {"short": "", "__typename": "CustomerAllergies"}, "promotions": [{"id": "3798025-C-1", "group": "Seizoen", "isKiesAndMix": true, "image": "/INTERSHOP/static/WFS/Jumbo-Grocery-Site/-/Jumbo-Grocery/nl_NL/Images_Aanbiedingen/2023/Seizoensaanbiedingen/SA12/Kies%20en%20Mix%20Groente_280px.png", "tags": [{"text": "2 voor \u20ac 4,00", "inverse": false, "__typename": "PromotionTag"}], "start": {"dayShort": "wo", "date": 8, "monthShort": "nov", "__typename": "PromotionDateTime"}, "end": {"dayShort": "di", "date": 5, "monthShort": "dec", "__typename": "PromotionDateTime"}, "attachments": [{"type": "CustomBadge", "path": "/INTERSHOP/web/WFS/Jumbo-Grocery-Site/nl_NL/-/EUR/ViewPromotionAttachment-OpenFile?LocaleId=nl_NL&DirectoryPath=0003-Kies%26Mix&FileName=Kies_mix_nieuw.png&UnitName=Jumbo-Grocery", "__typename": "PromotionAttachment"}, {"type": "PromotionGroup-Badge", "path": "/INTERSHOP/web/WFS/Jumbo-Grocery-Site/nl_NL/-/EUR/ViewPromotionAttachment-OpenFile?unitName=Jumbo&LocaleId=nl_NL&DirectoryPath=PromotionBadges&FileName=Seizoen.svg", "__typename": "PromotionAttachment"}], "primaryBadge": [{"alt": "CustomBadge", "image": "/INTERSHOP/web/WFS/Jumbo-Grocery-Site/nl_NL/-/EUR/ViewPromotionAttachment-OpenFile?LocaleId=nl_NL&DirectoryPath=0003-Kies%26Mix&FileName=Kies_mix_nieuw.png&UnitName=Jumbo-Grocery", "__typename": "PromotionBadge"}, {"alt": "PromotionGroup-Badge", "image": "/INTERSHOP/web/WFS/Jumbo-Grocery-Site/nl_NL/-/EUR/ViewPromotionAttachment-OpenFile?unitName=Jumbo&LocaleId=nl_NL&DirectoryPath=PromotionBadges&FileName=Seizoen.svg", "__typename": "PromotionBadge"}], "__typename": "Promotion"}], "surcharges": [], "__typename": "Product", "crossSells": [], "retailSetProducts": []}, {"id": "112370POT", "brand": "HAK", "category": "Conserven, soepen, sauzen, oli\u00ebn", "subtitle": "630 g", "title": "Hak Spinazie 630g", "image": "https://retrieval.dam-lite.prod.aws.jumbo.com/fit-in/360x360/Products/09082023_1691591745436_1691591758823_8720600609817_1.png", "inAssortment": true, "availability": {"availability": "AVAILABLE", "isAvailable": true, "label": null, "stockLimit": null, "__typename": "ProductAvailability"}, "sponsored": false, "auctionId": null, "link": "/producten/hak-spinazie-630g-112370POT", "retailSet": false, "prices": {"price": 266, "promoPrice": null, "pricePerUnit": {"price": 554, "unit": "kg", "__typename": "PricePerUnit"}, "__typename": "Price"}, "quantityDetails": {"maxAmount": 99, "minAmount": 1, "stepAmount": 1, "defaultAmount": 1, "__typename": "Quantity"}, "primaryBadge": [], "secondaryBadges": [], "badgeDescription": null, "customerAllergies": {"short": "", "__typename": "CustomerAllergies"}, "promotions": [{"id": "3797002-C-1", "group": "Seizoen", "isKiesAndMix": false, "image": "/INTERSHOP/static/WFS/Jumbo-Grocery-Site/-/Jumbo-Grocery/nl_NL/Images_Aanbiedingen/2023/Seizoensaanbiedingen/SA12/HAK_280px.png", "tags": [{"text": "2 voor \u20ac 3,50", "inverse": false, "__typename": "PromotionTag"}], "start": {"dayShort": "wo", "date": 8, "monthShort": "nov", "__typename": "PromotionDateTime"}, "end": {"dayShort": "di", "date": 5, "monthShort": "dec", "__typename": "PromotionDateTime"}, "attachments": [{"type": "PromotionGroup-Badge", "path": "/INTERSHOP/web/WFS/Jumbo-Grocery-Site/nl_NL/-/EUR/ViewPromotionAttachment-OpenFile?unitName=Jumbo&LocaleId=nl_NL&DirectoryPath=PromotionBadges&FileName=Seizoen.svg", "__typename": "PromotionAttachment"}], "primaryBadge": [{"alt": "PromotionGroup-Badge", "image": "/INTERSHOP/web/WFS/Jumbo-Grocery-Site/nl_NL/-/EUR/ViewPromotionAttachment-OpenFile?unitName=Jumbo&LocaleId=nl_NL&DirectoryPath=PromotionBadges&FileName=Seizoen.svg", "__typename": "PromotionBadge"}], "__typename": "Promotion"}], "surcharges": [], "__typename": "Product", "crossSells": [], "retailSetProducts": []}, {"id": "557503DS", "brand": "JUMBO", "category": "Aardappelen, groente en fruit", "subtitle": "300 g", "title": "Jumbo Fruitstukjes Galiameloen, Cantaloupemeloen & Watermeloen 300G", "image": "https://retrieval.dam-lite.prod.aws.jumbo.com/fit-in/360x360/Products/09082023_1691594176774_1691594185818_8718452698622_1.png", "inAssortment": true, "availability": {"availability": "TEMPORARILY_UNAVAILABLE", "isAvailable": false, "label": "Niet leverbaar", "stockLimit": null, "__typename": "ProductAvailability"}, "sponsored": false, "auctionId": null, "link": "/producten/jumbo-fruitstukjes-galiameloen-cantaloupemeloen-watermeloen-300g-557503DS", "retailSet": false, "prices": {"price": 300, "promoPrice": null, "pricePerUnit": {"price": 1000, "unit": "kg", "__typename": "PricePerUnit"}, "__typename": "Price"}, "quantityDetails": {"maxAmount": 99, "minAmount": 1, "stepAmount": 1, "defaultAmount": 1, "__typename": "Quantity"}, "primaryBadge": [], "secondaryBadges": [], "badgeDescription": null, "customerAllergies": {"short": "", "__typename": "CustomerAllergies"}, "promotions": [{"id": "3771048-C-1", "group": "Week", "isKiesAndMix": false, "image": "/INTERSHOP/static/WFS/Jumbo-Grocery-Site/-/Jumbo-Grocery/nl_NL/Images_Aanbiedingen/2023/Weekaanbiedingen/Week%2045/Vers%20gesneden%20fruit_280px.png", "tags": [{"text": "2 voor \u20ac 4,50", "inverse": false, "__typename": "PromotionTag"}], "start": {"dayShort": "wo", "date": 8, "monthShort": "nov", "__typename": "PromotionDateTime"}, "end": {"dayShort": "di", "date": 14, "monthShort": "nov", "__typename": "PromotionDateTime"}, "attachments": [{"type": "PromotionGroup-Badge", "path": "/INTERSHOP/web/WFS/Jumbo-Grocery-Site/nl_NL/-/EUR/ViewPromotionAttachment-OpenFile?unitName=Jumbo&LocaleId=nl_NL&DirectoryPath=PromotionBadges&FileName=Week.svg", "__typename": "PromotionAttachment"}], "primaryBadge": [{"alt": "PromotionGroup-Badge", "image": "/INTERSHOP/web/WFS/Jumbo-Grocery-Site/nl_NL/-/EUR/ViewPromotionAttachment-OpenFile?unitName=Jumbo&LocaleId=nl_NL&DirectoryPath=PromotionBadges&FileName=Week.svg", "__typename": "PromotionBadge"}], "__typename": "Promotion"}], "surcharges": [], "__typename": "Product", "crossSells": [], "retailSetProducts": []}, {"id": "247803STK", "brand": "Jumbo", "category": "Aardappelen, groente en fruit", "subtitle": "250 g", "title": "Jumbo Champignons Gesneden 250g", "image": "https://retrieval.dam-lite.prod.aws.jumbo.com/fit-in/360x360/Products/09082023_1691585252026_1691585264960_8718452323012_1.png", "inAssortment": true, "availability": {"availability": "AVAILABLE", "isAvailable": true, "label": null, "stockLimit": null, "__typename": "ProductAvailability"}, "sponsored": false, "auctionId": null, "link": "/producten/jumbo-champignons-gesneden-250g-247803STK", "retailSet": false, "prices": {"price": 249, "promoPrice": null, "pricePerUnit": {"price": 996, "unit": "kg", "__typename": "PricePerUnit"}, "__typename": "Price"}, "quantityDetails": {"maxAmount": 99, "minAmount": 1, "stepAmount": 1, "defaultAmount": 1, "__typename": "Quantity"}, "primaryBadge": [], "secondaryBadges": [{"alt": "THT logo", "image": "/INTERSHOP/static/WFS/Jumbo-Site/Grocery/Jumbo-Grocery/nl_NL/PIMProductBadge/tht-2+.png", "__typename": "Badge"}], "badgeDescription": "2+ dagen houdbaar", "customerAllergies": {"short": "", "__typename": "CustomerAllergies"}, "promotions": [], "surcharges": [], "__typename": "Product", "crossSells": [], "retailSetProducts": []}, {"id": "562794STK", "brand": "Jumbo", "category": "Aardappelen, groente en fruit", "subtitle": "400 g", "title": "Jumbo Japanse Wokgroente 400g", "image": "https://retrieval.dam-lite.prod.aws.jumbo.com/fit-in/360x360/Products/09082023_1691585111756_1691585126745_8718452311675_1.png", "inAssortment": true, "availability": {"availability": "AVAILABLE", "isAvailable": true, "label": null, "stockLimit": null, "__typename": "ProductAvailability"}, "sponsored": false, "auctionId": null, "link": "/producten/jumbo-japanse-wokgroente-400g-562794STK", "retailSet": false, "prices": {"price": 329, "promoPrice": null, "pricePerUnit": {"price": 823, "unit": "kg", "__typename": "PricePerUnit"}, "__typename": "Price"}, "quantityDetails": {"maxAmount": 99, "minAmount": 1, "stepAmount": 1, "defaultAmount": 1, "__typename": "Quantity"}, "primaryBadge": [], "secondaryBadges": [{"alt": "THT logo", "image": "/INTERSHOP/static/WFS/Jumbo-Site/Grocery/Jumbo-Grocery/nl_NL/PIMProductBadge/tht-2+.png", "__typename": "Badge"}], "badgeDescription": "2+ dagen houdbaar", "customerAllergies": {"short": "", "__typename": "CustomerAllergies"}, "promotions": [], "surcharges": [], "__typename": "Product", "crossSells": [{"sku": "170548FLS", "__typename": "Product"}, {"sku": "25527FLS", "__typename": "Product"}], "retailSetProducts": []}, {"id": "257661STK", "brand": "MAGGI", "category": "Wereldkeukens, kruiden, pasta en rijst", "subtitle": "2 x 89 g", "title": "MAGGI Aardappelpuree \u00e0 la Minute Naturel 2 x 89g", "image": "https://retrieval.dam-lite.prod.aws.jumbo.com/fit-in/360x360/Products/30082023_1693366507344_1693366510496_257661_STK_.png", "inAssortment": true, "availability": {"availability": "AVAILABLE", "isAvailable": true, "label": null, "stockLimit": null, "__typename": "ProductAvailability"}, "sponsored": false, "auctionId": null, "link": "/producten/maggi-aardappelpuree-a-la-minute-naturel-2-x-89g-257661STK", "retailSet": false, "prices": {"price": 197, "promoPrice": null, "pricePerUnit": {"price": 1107, "unit": "kg", "__typename": "PricePerUnit"}, "__typename": "Price"}, "quantityDetails": {"maxAmount": 99, "minAmount": 1, "stepAmount": 1, "defaultAmount": 1, "__typename": "Quantity"}, "primaryBadge": [], "secondaryBadges": [], "badgeDescription": null, "customerAllergies": {"short": "", "__typename": "CustomerAllergies"}, "promotions": [], "surcharges": [], "__typename": "Product", "crossSells": [], "retailSetProducts": []}, {"id": "452196ZK", "brand": "JUMBO", "category": "Aardappelen, groente en fruit", "subtitle": "400 g", "title": "Jumbo Broccoli Rijst 400g", "image": "https://retrieval.dam-lite.prod.aws.jumbo.com/fit-in/360x360/Products/09082023_1691589842246_1691590048320_8718452571918_1.png", "inAssortment": true, "availability": {"availability": "AVAILABLE", "isAvailable": true, "label": null, "stockLimit": null, "__typename": "ProductAvailability"}, "sponsored": false, "auctionId": null, "link": "/producten/jumbo-broccoli-rijst-400g-452196ZK", "retailSet": false, "prices": {"price": 199, "promoPrice": null, "pricePerUnit": {"price": 498, "unit": "kg", "__typename": "PricePerUnit"}, "__typename": "Price"}, "quantityDetails": {"maxAmount": 99, "minAmount": 1, "stepAmount": 1, "defaultAmount": 1, "__typename": "Quantity"}, "primaryBadge": [], "secondaryBadges": [{"alt": "THT logo", "image": "/INTERSHOP/static/WFS/Jumbo-Site/Grocery/Jumbo-Grocery/nl_NL/PIMProductBadge/tht-2+.png", "__typename": "Badge"}], "badgeDescription": "2+ dagen houdbaar", "customerAllergies": {"short": "", "__typename": "CustomerAllergies"}, "promotions": [], "surcharges": [], "__typename": "Product", "crossSells": [], "retailSetProducts": []}, {"id": "376679ZK", "brand": "JUMBO", "category": "Aardappelen, groente en fruit", "subtitle": "400 gram", "title": "Jumbo Biologische Snijbonen 400g", "image": "https://retrieval.dam-lite.prod.aws.jumbo.com/fit-in/360x360/Products/28082023_1693215185723_1693215191465_8718452498345_1.png", "inAssortment": true, "availability": {"availability": "UNAVAILABLE", "isAvailable": false, "label": "Niet leverbaar", "stockLimit": null, "__typename": "ProductAvailability"}, "sponsored": false, "auctionId": null, "link": "/producten/jumbo-biologische-snijbonen-400g-376679ZK", "retailSet": false, "prices": {"price": 299, "promoPrice": null, "pricePerUnit": {"price": 748, "unit": "kg", "__typename": "PricePerUnit"}, "__typename": "Price"}, "quantityDetails": {"maxAmount": 99, "minAmount": 1, "stepAmount": 1, "defaultAmount": 1, "__typename": "Quantity"}, "primaryBadge": [], "secondaryBadges": [], "badgeDescription": null, "customerAllergies": {"short": "", "__typename": "CustomerAllergies"}, "promotions": [], "surcharges": [], "__typename": "Product", "crossSells": [], "retailSetProducts": []}, {"id": "305417NET", "brand": null, "category": "Aardappelen, groente en fruit", "subtitle": "150 g", "title": "Bolknoflook 150g", "image": "https://retrieval.dam-lite.prod.aws.jumbo.com/fit-in/360x360/Products/09082023_1691586621589_1691586627525_8718452437771_1.png", "inAssortment": true, "availability": {"availability": "AVAILABLE", "isAvailable": true, "label": null, "stockLimit": null, "__typename": "ProductAvailability"}, "sponsored": false, "auctionId": null, "link": "/producten/bolknoflook-150g-305417NET", "retailSet": false, "prices": {"price": 149, "promoPrice": null, "pricePerUnit": {"price": 993, "unit": "kg", "__typename": "PricePerUnit"}, "__typename": "Price"}, "quantityDetails": {"maxAmount": 99, "minAmount": 1, "stepAmount": 1, "defaultAmount": 1, "__typename": "Quantity"}, "primaryBadge": [], "secondaryBadges": [], "badgeDescription": null, "customerAllergies": {"short": "", "__typename": "CustomerAllergies"}, "promotions": [], "surcharges": [], "__typename": "Product", "crossSells": [], "retailSetProducts": []}, {"id": "307719PAK", "brand": "Jumbo", "category": "Diepvries", "subtitle": "600 g", "title": "Jumbo Zoete Aardappelfrites 600g", "image": "https://retrieval.dam-lite.prod.aws.jumbo.com/fit-in/360x360/Products/09082023_1691586622633_1691586644964_8718452431779_1.png", "inAssortment": true, "availability": {"availability": "AVAILABLE", "isAvailable": true, "label": null, "stockLimit": null, "__typename": "ProductAvailability"}, "sponsored": false, "auctionId": null, "link": "/producten/jumbo-zoete-aardappelfrites-600g-307719PAK", "retailSet": false, "prices": {"price": 369, "promoPrice": null, "pricePerUnit": {"price": 615, "unit": "kg", "__typename": "PricePerUnit"}, "__typename": "Price"}, "quantityDetails": {"maxAmount": 99, "minAmount": 1, "stepAmount": 1, "defaultAmount": 1, "__typename": "Quantity"}, "primaryBadge": [], "secondaryBadges": [{"alt": "Vriesvers", "image": "/INTERSHOP/static/WFS/Jumbo-Site/Grocery/Jumbo-Grocery/nl_NL/PIMProductBadge/sticker-freeze-51x51.png", "__typename": "Badge"}], "badgeDescription": null, "customerAllergies": {"short": "", "__typename": "CustomerAllergies"}, "promotions": [], "surcharges": [], "__typename": "Product", "crossSells": [], "retailSetProducts": []}, {"id": "211731STK", "brand": "JUMBO", "category": "Aardappelen, groente en fruit", "subtitle": "400 g", "title": "Jumbo Mexicaanse Roerbakmix 400g", "image": "https://retrieval.dam-lite.prod.aws.jumbo.com/fit-in/360x360/Products/18092023_1695046379352_1695046388291_8718452516186_1.png", "inAssortment": true, "availability": {"availability": "AVAILABLE", "isAvailable": true, "label": null, "stockLimit": null, "__typename": "ProductAvailability"}, "sponsored": false, "auctionId": null, "link": "/producten/jumbo-mexicaanse-roerbakmix-400g-211731STK", "retailSet": false, "prices": {"price": 229, "promoPrice": null, "pricePerUnit": {"price": 573, "unit": "kg", "__typename": "PricePerUnit"}, "__typename": "Price"}, "quantityDetails": {"maxAmount": 99, "minAmount": 1, "stepAmount": 1, "defaultAmount": 1, "__typename": "Quantity"}, "primaryBadge": [], "secondaryBadges": [{"alt": "THT logo", "image": "/INTERSHOP/static/WFS/Jumbo-Site/Grocery/Jumbo-Grocery/nl_NL/PIMProductBadge/tht-2+.png", "__typename": "Badge"}], "badgeDescription": "2+ dagen houdbaar", "customerAllergies": {"short": "", "__typename": "CustomerAllergies"}, "promotions": [{"id": "3798022-C-1", "group": "Seizoen", "isKiesAndMix": false, "image": "/INTERSHOP/static/WFS/Jumbo-Grocery-Site/-/Jumbo-Grocery/nl_NL/Images_Aanbiedingen/2023/Seizoensaanbiedingen/SA12/Jumbo%20roerbakgroente_280px.png", "tags": [{"text": "2 voor \u20ac 3,50", "inverse": false, "__typename": "PromotionTag"}], "start": {"dayShort": "wo", "date": 8, "monthShort": "nov", "__typename": "PromotionDateTime"}, "end": {"dayShort": "di", "date": 5, "monthShort": "dec", "__typename": "PromotionDateTime"}, "attachments": [{"type": "PromotionGroup-Badge", "path": "/INTERSHOP/web/WFS/Jumbo-Grocery-Site/nl_NL/-/EUR/ViewPromotionAttachment-OpenFile?unitName=Jumbo&LocaleId=nl_NL&DirectoryPath=PromotionBadges&FileName=Seizoen.svg", "__typename": "PromotionAttachment"}], "primaryBadge": [{"alt": "PromotionGroup-Badge", "image": "/INTERSHOP/web/WFS/Jumbo-Grocery-Site/nl_NL/-/EUR/ViewPromotionAttachment-OpenFile?unitName=Jumbo&LocaleId=nl_NL&DirectoryPath=PromotionBadges&FileName=Seizoen.svg", "__typename": "PromotionBadge"}], "__typename": "Promotion"}], "surcharges": [], "__typename": "Product", "crossSells": [{"sku": "512419POT", "__typename": "Product"}], "retailSetProducts": []}, {"id": "579861BAK", "brand": "Johma", "category": "Aardappelen, groente en fruit", "subtitle": "300 g", "title": "Johma Witte Kool Rauwkostsalade 300g", "image": "https://retrieval.dam-lite.prod.aws.jumbo.com/fit-in/360x360/Products/09082023_1691596489126_1691596495118_8710506088076_1.png", "inAssortment": true, "availability": {"availability": "AVAILABLE", "isAvailable": true, "label": null, "stockLimit": null, "__typename": "ProductAvailability"}, "sponsored": false, "auctionId": null, "link": "/producten/johma-witte-kool-rauwkostsalade-300g-579861BAK", "retailSet": false, "prices": {"price": 229, "promoPrice": null, "pricePerUnit": {"price": 763, "unit": "kg", "__typename": "PricePerUnit"}, "__typename": "Price"}, "quantityDetails": {"maxAmount": 99, "minAmount": 1, "stepAmount": 1, "defaultAmount": 1, "__typename": "Quantity"}, "primaryBadge": [], "secondaryBadges": [{"alt": "THT logo", "image": "/INTERSHOP/static/WFS/Jumbo-Site/Grocery/Jumbo-Grocery/nl_NL/PIMProductBadge/tht-9+.png", "__typename": "Badge"}], "badgeDescription": "9+ dagen houdbaar", "customerAllergies": {"short": "", "__typename": "CustomerAllergies"}, "promotions": [], "surcharges": [], "__typename": "Product", "crossSells": [], "retailSetProducts": []}, {"id": "581655DS", "brand": "JUMBO", "category": "Aardappelen, groente en fruit", "subtitle": "150 g", "title": "Jumbo Appel Stukjes Vers 150g", "image": "https://retrieval.dam-lite.prod.aws.jumbo.com/fit-in/360x360/Products/09082023_1691594406508_1691594416297_8718452744589_1.png", "inAssortment": true, "availability": {"availability": "AVAILABLE", "isAvailable": true, "label": null, "stockLimit": null, "__typename": "ProductAvailability"}, "sponsored": false, "auctionId": null, "link": "/producten/jumbo-appel-stukjes-vers-150g-581655DS", "retailSet": false, "prices": {"price": 229, "promoPrice": null, "pricePerUnit": {"price": 1527, "unit": "kg", "__typename": "PricePerUnit"}, "__typename": "Price"}, "quantityDetails": {"maxAmount": 99, "minAmount": 1, "stepAmount": 1, "defaultAmount": 1, "__typename": "Quantity"}, "primaryBadge": [], "secondaryBadges": [], "badgeDescription": null, "customerAllergies": {"short": "", "__typename": "CustomerAllergies"}, "promotions": [{"id": "9396023-C-1", "group": "Seizoen", "isKiesAndMix": true, "image": "/INTERSHOP/static/WFS/Jumbo-Grocery-Site/-/Jumbo-Grocery/nl_NL/Images_Aanbiedingen/2023/Kies%20en%20Mix/KMgesnfruit.png", "tags": [{"text": "3 voor \u20ac 6,00", "inverse": false, "__typename": "PromotionTag"}], "start": {"dayShort": "vr", "date": 3, "monthShort": "nov", "__typename": "PromotionDateTime"}, "end": {"dayShort": "di", "date": 5, "monthShort": "dec", "__typename": "PromotionDateTime"}, "attachments": [{"type": "CustomBadge", "path": "/INTERSHOP/web/WFS/Jumbo-Grocery-Site/nl_NL/-/EUR/ViewPromotionAttachment-OpenFile?LocaleId=nl_NL&DirectoryPath=0003-Kies%26Mix&FileName=Kies_mix_nieuw.png&UnitName=Jumbo-Grocery", "__typename": "PromotionAttachment"}, {"type": "PromotionGroup-Badge", "path": "/INTERSHOP/web/WFS/Jumbo-Grocery-Site/nl_NL/-/EUR/ViewPromotionAttachment-OpenFile?unitName=Jumbo&LocaleId=nl_NL&DirectoryPath=PromotionBadges&FileName=Seizoen.svg", "__typename": "PromotionAttachment"}], "primaryBadge": [{"alt": "CustomBadge", "image": "/INTERSHOP/web/WFS/Jumbo-Grocery-Site/nl_NL/-/EUR/ViewPromotionAttachment-OpenFile?LocaleId=nl_NL&DirectoryPath=0003-Kies%26Mix&FileName=Kies_mix_nieuw.png&UnitName=Jumbo-Grocery", "__typename": "PromotionBadge"}, {"alt": "PromotionGroup-Badge", "image": "/INTERSHOP/web/WFS/Jumbo-Grocery-Site/nl_NL/-/EUR/ViewPromotionAttachment-OpenFile?unitName=Jumbo&LocaleId=nl_NL&DirectoryPath=PromotionBadges&FileName=Seizoen.svg", "__typename": "PromotionBadge"}], "__typename": "Promotion"}], "surcharges": [], "__typename": "Product", "crossSells": [], "retailSetProducts": []}, {"id": "530936FLS", "brand": "Jumbo", "category": "Frisdrank en sappen", "subtitle": "250 ml", "title": "Jumbo Vers Sap Sinaasappel 250ML", "image": "https://retrieval.dam-lite.prod.aws.jumbo.com/fit-in/360x360/Products/530936_8718452668649_1_T1_193586FLS1691078521049.png", "inAssortment": true, "availability": {"availability": "AVAILABLE", "isAvailable": true, "label": null, "stockLimit": null, "__typename": "ProductAvailability"}, "sponsored": false, "auctionId": null, "link": "/producten/jumbo-vers-sap-sinaasappel-250ml-530936FLS", "retailSet": false, "prices": {"price": 199, "promoPrice": null, "pricePerUnit": {"price": 796, "unit": "l", "__typename": "PricePerUnit"}, "__typename": "Price"}, "quantityDetails": {"maxAmount": 99, "minAmount": 1, "stepAmount": 1, "defaultAmount": 1, "__typename": "Quantity"}, "primaryBadge": [], "secondaryBadges": [{"alt": "THT logo", "image": "/INTERSHOP/static/WFS/Jumbo-Site/Grocery/Jumbo-Grocery/nl_NL/PIMProductBadge/tht-10+.png", "__typename": "Badge"}], "badgeDescription": "10+ dagen houdbaar", "customerAllergies": {"short": "", "__typename": "CustomerAllergies"}, "promotions": [], "surcharges": [], "__typename": "Product", "crossSells": [], "retailSetProducts": []}, {"id": "194570STK", "brand": "Jumbo", "category": "Aardappelen, groente en fruit", "subtitle": null, "title": "Jumbo Groene Pompoen Biologisch", "image": "https://retrieval.dam-lite.prod.aws.jumbo.com/fit-in/360x360/Products/18092023_1695039211455_1695039219076_8718452282173_1.png", "inAssortment": true, "availability": {"availability": "AVAILABLE", "isAvailable": true, "label": null, "stockLimit": null, "__typename": "ProductAvailability"}, "sponsored": false, "auctionId": null, "link": "/producten/jumbo-groene-pompoen-biologisch-194570STK", "retailSet": false, "prices": {"price": 199, "promoPrice": null, "pricePerUnit": {"price": 199, "unit": "pieces", "__typename": "PricePerUnit"}, "__typename": "Price"}, "quantityDetails": {"maxAmount": 99, "minAmount": 1, "stepAmount": 1, "defaultAmount": 1, "__typename": "Quantity"}, "primaryBadge": [], "secondaryBadges": [{"alt": "Van dichtbij", "image": "/INTERSHOP/static/WFS/Jumbo-Site/Grocery/Jumbo-Grocery/nl_NL/PIMProductBadge/van-dichtbij.png", "__typename": "Badge"}, {"alt": "NIEUW", "image": "/INTERSHOP/static/WFS/Jumbo-Site/Grocery/Jumbo-Grocery/nl_NL/PIMProductBadge/nieuw.png", "__typename": "Badge"}], "badgeDescription": null, "customerAllergies": {"short": "", "__typename": "CustomerAllergies"}, "promotions": [], "surcharges": [], "__typename": "Product", "crossSells": [], "retailSetProducts": []}, {"id": "452385ZK", "brand": "JUMBO", "category": "Aardappelen, groente en fruit", "subtitle": "200 g", "title": "Jumbo Aardappelschijfjes Voorgekookt Kleinverpakking 200g", "image": "https://retrieval.dam-lite.prod.aws.jumbo.com/fit-in/360x360/Products/09082023_1691588689812_1691588707183_8718452575961_1.png", "inAssortment": true, "availability": {"availability": "AVAILABLE", "isAvailable": true, "label": null, "stockLimit": null, "__typename": "ProductAvailability"}, "sponsored": false, "auctionId": null, "link": "/producten/jumbo-aardappelschijfjes-voorgekookt-kleinverpakking-200g-452385ZK", "retailSet": false, "prices": {"price": 79, "promoPrice": null, "pricePerUnit": {"price": 395, "unit": "kg", "__typename": "PricePerUnit"}, "__typename": "Price"}, "quantityDetails": {"maxAmount": 99, "minAmount": 1, "stepAmount": 1, "defaultAmount": 1, "__typename": "Quantity"}, "primaryBadge": [], "secondaryBadges": [{"alt": "THT logo", "image": "/INTERSHOP/static/WFS/Jumbo-Site/Grocery/Jumbo-Grocery/nl_NL/PIMProductBadge/tht-2+.png", "__typename": "Badge"}], "badgeDescription": "2+ dagen houdbaar", "customerAllergies": {"short": "", "__typename": "CustomerAllergies"}, "promotions": [], "surcharges": [], "__typename": "Product", "crossSells": [], "retailSetProducts": []}, {"id": "583752ZK", "brand": "JUMBO", "category": "Aardappelen, groente en fruit", "subtitle": "400 g", "title": "Jumbo Gebroken Sperziebonen 400g", "image": "https://retrieval.dam-lite.prod.aws.jumbo.com/fit-in/360x360/Products/200907ZK1cbcdb9f3-008b-4f7c-896f-89e81e26cf0c-1692955028749.png", "inAssortment": true, "availability": {"availability": "AVAILABLE", "isAvailable": true, "label": null, "stockLimit": null, "__typename": "ProductAvailability"}, "sponsored": false, "auctionId": null, "link": "/producten/jumbo-gebroken-sperziebonen-400g-583752ZK", "retailSet": false, "prices": {"price": 229, "promoPrice": null, "pricePerUnit": {"price": 573, "unit": "kg", "__typename": "PricePerUnit"}, "__typename": "Price"}, "quantityDetails": {"maxAmount": 99, "minAmount": 1, "stepAmount": 1, "defaultAmount": 1, "__typename": "Quantity"}, "primaryBadge": [], "secondaryBadges": [{"alt": "THT logo", "image": "/INTERSHOP/static/WFS/Jumbo-Site/Grocery/Jumbo-Grocery/nl_NL/PIMProductBadge/tht-2+.png", "__typename": "Badge"}], "badgeDescription": "2+ dagen houdbaar", "customerAllergies": {"short": "", "__typename": "CustomerAllergies"}, "promotions": [], "surcharges": [], "__typename": "Product", "crossSells": [], "retailSetProducts": []}, {"id": "221230STK", "brand": "Jumbo", "category": "Aardappelen, groente en fruit", "subtitle": null, "title": "Jumbo Paksoi", "image": "https://retrieval.dam-lite.prod.aws.jumbo.com/fit-in/360x360/Products/29092023_1695994883888_1695994890449_8711715897084_1.png", "inAssortment": true, "availability": {"availability": "TEMPORARILY_UNAVAILABLE", "isAvailable": false, "label": "Niet leverbaar", "stockLimit": null, "__typename": "ProductAvailability"}, "sponsored": false, "auctionId": null, "link": "/producten/jumbo-paksoi-221230STK", "retailSet": false, "prices": {"price": 159, "promoPrice": null, "pricePerUnit": {"price": 159, "unit": "pieces", "__typename": "PricePerUnit"}, "__typename": "Price"}, "quantityDetails": {"maxAmount": 99, "minAmount": 1, "stepAmount": 1, "defaultAmount": 1, "__typename": "Quantity"}, "primaryBadge": [], "secondaryBadges": [], "badgeDescription": null, "customerAllergies": {"short": "", "__typename": "CustomerAllergies"}, "promotions": [], "surcharges": [], "__typename": "Product", "crossSells": [], "retailSetProducts": []}, {"id": "577999DS", "brand": "JUMBO", "category": "Aardappelen, groente en fruit", "subtitle": "100 g", "title": "Jumbo Kokosnoot Stukjes 100g", "image": "https://retrieval.dam-lite.prod.aws.jumbo.com/fit-in/360x360/Products/09082023_1691594178916_1691594189635_8718452698288_1.png", "inAssortment": true, "availability": {"availability": "AVAILABLE", "isAvailable": true, "label": null, "stockLimit": null, "__typename": "ProductAvailability"}, "sponsored": false, "auctionId": null, "link": "/producten/jumbo-kokosnoot-stukjes-100g-577999DS", "retailSet": false, "prices": {"price": 229, "promoPrice": null, "pricePerUnit": {"price": 2290, "unit": "kg", "__typename": "PricePerUnit"}, "__typename": "Price"}, "quantityDetails": {"maxAmount": 99, "minAmount": 1, "stepAmount": 1, "defaultAmount": 1, "__typename": "Quantity"}, "primaryBadge": [], "secondaryBadges": [], "badgeDescription": null, "customerAllergies": {"short": "", "__typename": "CustomerAllergies"}, "promotions": [{"id": "9396023-C-1", "group": "Seizoen", "isKiesAndMix": true, "image": "/INTERSHOP/static/WFS/Jumbo-Grocery-Site/-/Jumbo-Grocery/nl_NL/Images_Aanbiedingen/2023/Kies%20en%20Mix/KMgesnfruit.png", "tags": [{"text": "3 voor \u20ac 6,00", "inverse": false, "__typename": "PromotionTag"}], "start": {"dayShort": "vr", "date": 3, "monthShort": "nov", "__typename": "PromotionDateTime"}, "end": {"dayShort": "di", "date": 5, "monthShort": "dec", "__typename": "PromotionDateTime"}, "attachments": [{"type": "CustomBadge", "path": "/INTERSHOP/web/WFS/Jumbo-Grocery-Site/nl_NL/-/EUR/ViewPromotionAttachment-OpenFile?LocaleId=nl_NL&DirectoryPath=0003-Kies%26Mix&FileName=Kies_mix_nieuw.png&UnitName=Jumbo-Grocery", "__typename": "PromotionAttachment"}, {"type": "PromotionGroup-Badge", "path": "/INTERSHOP/web/WFS/Jumbo-Grocery-Site/nl_NL/-/EUR/ViewPromotionAttachment-OpenFile?unitName=Jumbo&LocaleId=nl_NL&DirectoryPath=PromotionBadges&FileName=Seizoen.svg", "__typename": "PromotionAttachment"}], "primaryBadge": [{"alt": "CustomBadge", "image": "/INTERSHOP/web/WFS/Jumbo-Grocery-Site/nl_NL/-/EUR/ViewPromotionAttachment-OpenFile?LocaleId=nl_NL&DirectoryPath=0003-Kies%26Mix&FileName=Kies_mix_nieuw.png&UnitName=Jumbo-Grocery", "__typename": "PromotionBadge"}, {"alt": "PromotionGroup-Badge", "image": "/INTERSHOP/web/WFS/Jumbo-Grocery-Site/nl_NL/-/EUR/ViewPromotionAttachment-OpenFile?unitName=Jumbo&LocaleId=nl_NL&DirectoryPath=PromotionBadges&FileName=Seizoen.svg", "__typename": "PromotionBadge"}], "__typename": "Promotion"}], "surcharges": [], "__typename": "Product", "crossSells": [], "retailSetProducts": []}, {"id": "458824STK", "brand": null, "category": "Aardappelen, groente en fruit", "subtitle": "100 g", "title": "Jumbo Citroengras 100g", "image": "https://retrieval.dam-lite.prod.aws.jumbo.com/fit-in/360x360/Products/29092023_1695995410219_1695995419098_8718452612369_1.png", "inAssortment": true, "availability": {"availability": "AVAILABLE", "isAvailable": true, "label": null, "stockLimit": null, "__typename": "ProductAvailability"}, "sponsored": false, "auctionId": null, "link": "/producten/jumbo-citroengras-100g-458824STK", "retailSet": false, "prices": {"price": 218, "promoPrice": null, "pricePerUnit": {"price": 2180, "unit": "kg", "__typename": "PricePerUnit"}, "__typename": "Price"}, "quantityDetails": {"maxAmount": 99, "minAmount": 1, "stepAmount": 1, "defaultAmount": 1, "__typename": "Quantity"}, "primaryBadge": [], "secondaryBadges": [], "badgeDescription": null, "customerAllergies": {"short": "", "__typename": "CustomerAllergies"}, "promotions": [], "surcharges": [], "__typename": "Product", "crossSells": [], "retailSetProducts": []}, {"id": "304659PAK", "brand": "JUMBO", "category": "Aardappelen, groente en fruit", "subtitle": "250 g", "title": "Jumbo Kastanje Champignons 250g", "image": "https://retrieval.dam-lite.prod.aws.jumbo.com/fit-in/360x360/Products/18092023_1695049859093_1695049868050_8718452494132_1.png", "inAssortment": true, "availability": {"availability": "AVAILABLE", "isAvailable": true, "label": null, "stockLimit": null, "__typename": "ProductAvailability"}, "sponsored": false, "auctionId": null, "link": "/producten/jumbo-kastanje-champignons-250g-304659PAK", "retailSet": false, "prices": {"price": 199, "promoPrice": null, "pricePerUnit": {"price": 796, "unit": "kg", "__typename": "PricePerUnit"}, "__typename": "Price"}, "quantityDetails": {"maxAmount": 99, "minAmount": 1, "stepAmount": 1, "defaultAmount": 1, "__typename": "Quantity"}, "primaryBadge": [], "secondaryBadges": [{"alt": "Van dichtbij", "image": "/INTERSHOP/static/WFS/Jumbo-Site/Grocery/Jumbo-Grocery/nl_NL/PIMProductBadge/van-dichtbij.png", "__typename": "Badge"}, {"alt": "THT logo", "image": "/INTERSHOP/static/WFS/Jumbo-Site/Grocery/Jumbo-Grocery/nl_NL/PIMProductBadge/tht-2+.png", "__typename": "Badge"}], "badgeDescription": "2+ dagen houdbaar", "customerAllergies": {"short": "", "__typename": "CustomerAllergies"}, "promotions": [], "surcharges": [], "__typename": "Product", "crossSells": [], "retailSetProducts": []}, {"id": "429692STK", "brand": "JUMBO", "category": "Aardappelen, groente en fruit", "subtitle": "1 stuk", "title": "Jumbo Biologisch Groente Spitskool", "image": "https://retrieval.dam-lite.prod.aws.jumbo.com/fit-in/360x360/Products/09082023_1691589638009_1691589678648_8718452659623_1.png", "inAssortment": true, "availability": {"availability": "AVAILABLE", "isAvailable": true, "label": null, "stockLimit": null, "__typename": "ProductAvailability"}, "sponsored": false, "auctionId": null, "link": "/producten/jumbo-biologisch-groente-spitskool-429692STK", "retailSet": false, "prices": {"price": 219, "promoPrice": null, "pricePerUnit": {"price": 219, "unit": "pieces", "__typename": "PricePerUnit"}, "__typename": "Price"}, "quantityDetails": {"maxAmount": 99, "minAmount": 1, "stepAmount": 1, "defaultAmount": 1, "__typename": "Quantity"}, "primaryBadge": [], "secondaryBadges": [{"alt": "Van dichtbij", "image": "/INTERSHOP/static/WFS/Jumbo-Site/Grocery/Jumbo-Grocery/nl_NL/PIMProductBadge/van-dichtbij.png", "__typename": "Badge"}], "badgeDescription": null, "customerAllergies": {"short": "", "__typename": "CustomerAllergies"}, "promotions": [], "surcharges": [], "__typename": "Product", "crossSells": [], "retailSetProducts": []}, {"id": "554905FLS", "brand": null, "category": "Aardappelen, groente en fruit", "subtitle": "750 ml", "title": "Fruity Smoothie 100% Smoothie Aardbei Framboos Zwarte Bes Appel Banaan 750ml", "image": "https://retrieval.dam-lite.prod.aws.jumbo.com/fit-in/360x360/Products/554905_4006220017824_1_T1_269911STK1691065139157.png", "inAssortment": true, "availability": {"availability": "AVAILABLE", "isAvailable": true, "label": null, "stockLimit": null, "__typename": "ProductAvailability"}, "sponsored": false, "auctionId": null, "link": "/producten/fruity-smoothie-100-smoothie-aardbei-framboos-zwarte-bes-appel-banaan-750ml-554905FLS", "retailSet": false, "prices": {"price": 249, "promoPrice": null, "pricePerUnit": {"price": 332, "unit": "l", "__typename": "PricePerUnit"}, "__typename": "Price"}, "quantityDetails": {"maxAmount": 99, "minAmount": 1, "stepAmount": 1, "defaultAmount": 1, "__typename": "Quantity"}, "primaryBadge": [], "secondaryBadges": [{"alt": "THT logo", "image": "/INTERSHOP/static/WFS/Jumbo-Site/Grocery/Jumbo-Grocery/nl_NL/PIMProductBadge/tht-9+.png", "__typename": "Badge"}], "badgeDescription": "9+ dagen houdbaar", "customerAllergies": {"short": "", "__typename": "CustomerAllergies"}, "promotions": [], "surcharges": [], "__typename": "Product", "crossSells": [], "retailSetProducts": []}, {"id": "190963STK", "brand": "JUMBO", "category": "Aardappelen, groente en fruit", "subtitle": "1 stuk", "title": "Jumbo Biologische Bloemkool 1 Stuk", "image": "https://retrieval.dam-lite.prod.aws.jumbo.com/fit-in/360x360/Products/27092023_1695827287677_1695827298540_8718452107490_1.png", "inAssortment": true, "availability": {"availability": "AVAILABLE", "isAvailable": true, "label": null, "stockLimit": null, "__typename": "ProductAvailability"}, "sponsored": false, "auctionId": null, "link": "/producten/jumbo-biologische-bloemkool-1-stuk-190963STK", "retailSet": false, "prices": {"price": 239, "promoPrice": null, "pricePerUnit": {"price": 239, "unit": "pieces", "__typename": "PricePerUnit"}, "__typename": "Price"}, "quantityDetails": {"maxAmount": 99, "minAmount": 1, "stepAmount": 1, "defaultAmount": 1, "__typename": "Quantity"}, "primaryBadge": [], "secondaryBadges": [], "badgeDescription": null, "customerAllergies": {"short": "", "__typename": "CustomerAllergies"}, "promotions": [], "surcharges": [], "__typename": "Product", "crossSells": [], "retailSetProducts": []}, {"id": "477735BAK", "brand": "JUMBO", "category": "Aardappelen, groente en fruit", "subtitle": "500 g", "title": "Jumbo Zoete Aardappelpuree 500g", "image": "https://retrieval.dam-lite.prod.aws.jumbo.com/fit-in/360x360/Products/10082023_1691676403818_1691676421674_8718452599608_1.png", "inAssortment": true, "availability": {"availability": "AVAILABLE", "isAvailable": true, "label": null, "stockLimit": null, "__typename": "ProductAvailability"}, "sponsored": false, "auctionId": null, "link": "/producten/jumbo-zoete-aardappelpuree-500g-477735BAK", "retailSet": false, "prices": {"price": 229, "promoPrice": null, "pricePerUnit": {"price": 458, "unit": "kg", "__typename": "PricePerUnit"}, "__typename": "Price"}, "quantityDetails": {"maxAmount": 99, "minAmount": 1, "stepAmount": 1, "defaultAmount": 1, "__typename": "Quantity"}, "primaryBadge": [], "secondaryBadges": [{"alt": "THT logo", "image": "/INTERSHOP/static/WFS/Jumbo-Site/Grocery/Jumbo-Grocery/nl_NL/PIMProductBadge/tht-10+.png", "__typename": "Badge"}], "badgeDescription": "10+ dagen houdbaar", "customerAllergies": {"short": "", "__typename": "CustomerAllergies"}, "promotions": [], "surcharges": [], "__typename": "Product", "crossSells": [], "retailSetProducts": []}, {"id": "531837FLS", "brand": "JUMBO", "category": "Aardappelen, groente en fruit", "subtitle": "500 ml", "title": "Jumbo Vers Sap Sinaasappel-Mandarijn 500ML", "image": "https://retrieval.dam-lite.prod.aws.jumbo.com/fit-in/360x360/Products/28082023_1693215185894_1693215191558_8718452668847_1.png", "inAssortment": true, "availability": {"availability": "AVAILABLE", "isAvailable": true, "label": null, "stockLimit": null, "__typename": "ProductAvailability"}, "sponsored": false, "auctionId": null, "link": "/producten/jumbo-vers-sap-sinaasappel-mandarijn-500ml-531837FLS", "retailSet": false, "prices": {"price": 229, "promoPrice": null, "pricePerUnit": {"price": 458, "unit": "l", "__typename": "PricePerUnit"}, "__typename": "Price"}, "quantityDetails": {"maxAmount": 99, "minAmount": 1, "stepAmount": 1, "defaultAmount": 1, "__typename": "Quantity"}, "primaryBadge": [], "secondaryBadges": [{"alt": "THT logo", "image": "/INTERSHOP/static/WFS/Jumbo-Site/Grocery/Jumbo-Grocery/nl_NL/PIMProductBadge/tht-10+.png", "__typename": "Badge"}], "badgeDescription": "10+ dagen houdbaar", "customerAllergies": {"short": "", "__typename": "CustomerAllergies"}, "promotions": [], "surcharges": [], "__typename": "Product", "crossSells": [], "retailSetProducts": []}, {"id": "574859ZK", "brand": "Jumbo", "category": "Aardappelen, groente en fruit", "subtitle": "200 g", "title": "Jumbo Mini Krieltjes 200 g - Kleinverpakking", "image": "https://retrieval.dam-lite.prod.aws.jumbo.com/fit-in/360x360/Products/09082023_1691584973908_1691584989590_8718452309085_1.png", "inAssortment": true, "availability": {"availability": "AVAILABLE", "isAvailable": true, "label": null, "stockLimit": null, "__typename": "ProductAvailability"}, "sponsored": false, "auctionId": null, "link": "/producten/jumbo-mini-krieltjes-200-g-kleinverpakking-574859ZK", "retailSet": false, "prices": {"price": 75, "promoPrice": null, "pricePerUnit": {"price": 375, "unit": "kg", "__typename": "PricePerUnit"}, "__typename": "Price"}, "quantityDetails": {"maxAmount": 99, "minAmount": 1, "stepAmount": 1, "defaultAmount": 1, "__typename": "Quantity"}, "primaryBadge": [], "secondaryBadges": [{"alt": "THT logo", "image": "/INTERSHOP/static/WFS/Jumbo-Site/Grocery/Jumbo-Grocery/nl_NL/PIMProductBadge/tht-2+.png", "__typename": "Badge"}], "badgeDescription": "2+ dagen houdbaar", "customerAllergies": {"short": "", "__typename": "CustomerAllergies"}, "promotions": [], "surcharges": [], "__typename": "Product", "crossSells": [], "retailSetProducts": []}, {"id": "191976BAK", "brand": "Jumbo", "category": "Aardappelen, groente en fruit", "subtitle": "250 g", "title": "Jumbo Witte Druiven Pitloos 250g", "image": "https://retrieval.dam-lite.prod.aws.jumbo.com/fit-in/360x360/Products/09082023_1691584439847_1691584473385_8718452231881_1.png", "inAssortment": true, "availability": {"availability": "AVAILABLE", "isAvailable": true, "label": null, "stockLimit": null, "__typename": "ProductAvailability"}, "sponsored": false, "auctionId": null, "link": "/producten/jumbo-witte-druiven-pitloos-250g-191976BAK", "retailSet": false, "prices": {"price": 189, "promoPrice": null, "pricePerUnit": {"price": 756, "unit": "kg", "__typename": "PricePerUnit"}, "__typename": "Price"}, "quantityDetails": {"maxAmount": 99, "minAmount": 1, "stepAmount": 1, "defaultAmount": 1, "__typename": "Quantity"}, "primaryBadge": [], "secondaryBadges": [], "badgeDescription": null, "customerAllergies": {"short": "", "__typename": "CustomerAllergies"}, "promotions": [], "surcharges": [], "__typename": "Product", "crossSells": [{"sku": "376677STK", "__typename": "Product"}, {"sku": "376677STK", "__typename": "Product"}, {"sku": "306020BAK", "__typename": "Product"}, {"sku": "578884DS", "__typename": "Product"}], "retailSetProducts": []}, {"id": "579267ZK", "brand": "JUMBO", "category": "Aardappelen, groente en fruit", "subtitle": "40 g", "title": "Jumbo Platte Peterselie Voordeelverpakking 40g", "image": "https://retrieval.dam-lite.prod.aws.jumbo.com/fit-in/360x360/Products/05092023_1693928047487_1693928062776_8718452772278_1.png", "inAssortment": true, "availability": {"availability": "AVAILABLE", "isAvailable": true, "label": null, "stockLimit": null, "__typename": "ProductAvailability"}, "sponsored": false, "auctionId": null, "link": "/producten/jumbo-platte-peterselie-voordeelverpakking-40g-579267ZK", "retailSet": false, "prices": {"price": 139, "promoPrice": null, "pricePerUnit": {"price": 3475, "unit": "kg", "__typename": "PricePerUnit"}, "__typename": "Price"}, "quantityDetails": {"maxAmount": 99, "minAmount": 1, "stepAmount": 1, "defaultAmount": 1, "__typename": "Quantity"}, "primaryBadge": [], "secondaryBadges": [{"alt": "THT logo", "image": "/INTERSHOP/static/WFS/Jumbo-Site/Grocery/Jumbo-Grocery/nl_NL/PIMProductBadge/tht-4+.png", "__typename": "Badge"}], "badgeDescription": "4+ dagen houdbaar", "customerAllergies": {"short": "", "__typename": "CustomerAllergies"}, "promotions": [], "surcharges": [], "__typename": "Product", "crossSells": [], "retailSetProducts": []}, {"id": "452383ZK", "brand": "JUMBO", "category": "Aardappelen, groente en fruit", "subtitle": "1000 g", "title": "Jumbo Krieltjes Voordeelverpakking 1kg", "image": "https://retrieval.dam-lite.prod.aws.jumbo.com/fit-in/360x360/Products/10082023_1691675103938_1691675121071_8718452575947_1.png", "inAssortment": true, "availability": {"availability": "AVAILABLE", "isAvailable": true, "label": null, "stockLimit": null, "__typename": "ProductAvailability"}, "sponsored": false, "auctionId": null, "link": "/producten/jumbo-krieltjes-voordeelverpakking-1kg-452383ZK", "retailSet": false, "prices": {"price": 198, "promoPrice": null, "pricePerUnit": {"price": 198, "unit": "kg", "__typename": "PricePerUnit"}, "__typename": "Price"}, "quantityDetails": {"maxAmount": 99, "minAmount": 1, "stepAmount": 1, "defaultAmount": 1, "__typename": "Quantity"}, "primaryBadge": [], "secondaryBadges": [{"alt": "THT logo", "image": "/INTERSHOP/static/WFS/Jumbo-Site/Grocery/Jumbo-Grocery/nl_NL/PIMProductBadge/tht-2+.png", "__typename": "Badge"}], "badgeDescription": "2+ dagen houdbaar", "customerAllergies": {"short": "", "__typename": "CustomerAllergies"}, "promotions": [], "surcharges": [], "__typename": "Product", "crossSells": [{"sku": "437943POT", "__typename": "Product"}], "retailSetProducts": []}, {"id": "460377BAK", "brand": "JUMBO", "category": "Aardappelen, groente en fruit", "subtitle": "400 G", "title": "Jumbo Cherry Tomaten 400g", "image": "https://retrieval.dam-lite.prod.aws.jumbo.com/fit-in/360x360/Products/10082023_1691675597360_1691675606880_8718452621439_1.png", "inAssortment": true, "availability": {"availability": "AVAILABLE", "isAvailable": true, "label": null, "stockLimit": null, "__typename": "ProductAvailability"}, "sponsored": false, "auctionId": null, "link": "/producten/jumbo-cherry-tomaten-400g-460377BAK", "retailSet": false, "prices": {"price": 399, "promoPrice": null, "pricePerUnit": {"price": 998, "unit": "kg", "__typename": "PricePerUnit"}, "__typename": "Price"}, "quantityDetails": {"maxAmount": 99, "minAmount": 1, "stepAmount": 1, "defaultAmount": 1, "__typename": "Quantity"}, "primaryBadge": [], "secondaryBadges": [], "badgeDescription": null, "customerAllergies": {"short": "", "__typename": "CustomerAllergies"}, "promotions": [], "surcharges": [], "__typename": "Product", "crossSells": [], "retailSetProducts": []}, {"id": "84277POT", "brand": "HAK", "category": "Conserven, soepen, sauzen, oli\u00ebn", "subtitle": "680 g", "title": "Hak Worteltjes 680g", "image": "https://retrieval.dam-lite.prod.aws.jumbo.com/fit-in/360x360/Products/09082023_1691592108969_1691592144492_8720600610011_1.png", "inAssortment": true, "availability": {"availability": "AVAILABLE", "isAvailable": true, "label": null, "stockLimit": null, "__typename": "ProductAvailability"}, "sponsored": false, "auctionId": null, "link": "/producten/hak-worteltjes-680g-84277POT", "retailSet": false, "prices": {"price": 272, "promoPrice": null, "pricePerUnit": {"price": 648, "unit": "kg", "__typename": "PricePerUnit"}, "__typename": "Price"}, "quantityDetails": {"maxAmount": 99, "minAmount": 1, "stepAmount": 1, "defaultAmount": 1, "__typename": "Quantity"}, "primaryBadge": [], "secondaryBadges": [], "badgeDescription": null, "customerAllergies": {"short": "", "__typename": "CustomerAllergies"}, "promotions": [{"id": "3797002-C-1", "group": "Seizoen", "isKiesAndMix": false, "image": "/INTERSHOP/static/WFS/Jumbo-Grocery-Site/-/Jumbo-Grocery/nl_NL/Images_Aanbiedingen/2023/Seizoensaanbiedingen/SA12/HAK_280px.png", "tags": [{"text": "2 voor \u20ac 3,50", "inverse": false, "__typename": "PromotionTag"}], "start": {"dayShort": "wo", "date": 8, "monthShort": "nov", "__typename": "PromotionDateTime"}, "end": {"dayShort": "di", "date": 5, "monthShort": "dec", "__typename": "PromotionDateTime"}, "attachments": [{"type": "PromotionGroup-Badge", "path": "/INTERSHOP/web/WFS/Jumbo-Grocery-Site/nl_NL/-/EUR/ViewPromotionAttachment-OpenFile?unitName=Jumbo&LocaleId=nl_NL&DirectoryPath=PromotionBadges&FileName=Seizoen.svg", "__typename": "PromotionAttachment"}], "primaryBadge": [{"alt": "PromotionGroup-Badge", "image": "/INTERSHOP/web/WFS/Jumbo-Grocery-Site/nl_NL/-/EUR/ViewPromotionAttachment-OpenFile?unitName=Jumbo&LocaleId=nl_NL&DirectoryPath=PromotionBadges&FileName=Seizoen.svg", "__typename": "PromotionBadge"}], "__typename": "Promotion"}], "surcharges": [], "__typename": "Product", "crossSells": [], "retailSetProducts": []}, {"id": "579860CUP", "brand": "Johma", "category": "Aardappelen, groente en fruit", "subtitle": "300 g", "title": "Johma Komkommer Rauwkostsalade 300g", "image": "https://retrieval.dam-lite.prod.aws.jumbo.com/fit-in/360x360/Products/09082023_1691596489065_1691596495504_8710506088168_1.png", "inAssortment": true, "availability": {"availability": "AVAILABLE", "isAvailable": true, "label": null, "stockLimit": null, "__typename": "ProductAvailability"}, "sponsored": false, "auctionId": null, "link": "/producten/johma-komkommer-rauwkostsalade-300g-579860CUP", "retailSet": false, "prices": {"price": 229, "promoPrice": null, "pricePerUnit": {"price": 763, "unit": "kg", "__typename": "PricePerUnit"}, "__typename": "Price"}, "quantityDetails": {"maxAmount": 99, "minAmount": 1, "stepAmount": 1, "defaultAmount": 1, "__typename": "Quantity"}, "primaryBadge": [], "secondaryBadges": [{"alt": "THT logo", "image": "/INTERSHOP/static/WFS/Jumbo-Site/Grocery/Jumbo-Grocery/nl_NL/PIMProductBadge/tht-9+.png", "__typename": "Badge"}], "badgeDescription": "9+ dagen houdbaar", "customerAllergies": {"short": "", "__typename": "CustomerAllergies"}, "promotions": [], "surcharges": [], "__typename": "Product", "crossSells": [], "retailSetProducts": []}, {"id": "531835FLS", "brand": "Jumbo", "category": "Aardappelen, groente en fruit", "subtitle": "1 L", "title": "Jumbo Vers Sap Sinaasappel & Banaan 1L", "image": "https://retrieval.dam-lite.prod.aws.jumbo.com/fit-in/360x360/Products/531835_8718452668823_1_T1_294496FLS1691078580807.png", "inAssortment": true, "availability": {"availability": "AVAILABLE", "isAvailable": true, "label": null, "stockLimit": null, "__typename": "ProductAvailability"}, "sponsored": false, "auctionId": null, "link": "/producten/jumbo-vers-sap-sinaasappel-banaan-1l-531835FLS", "retailSet": false, "prices": {"price": 369, "promoPrice": null, "pricePerUnit": {"price": 369, "unit": "l", "__typename": "PricePerUnit"}, "__typename": "Price"}, "quantityDetails": {"maxAmount": 99, "minAmount": 1, "stepAmount": 1, "defaultAmount": 1, "__typename": "Quantity"}, "primaryBadge": [], "secondaryBadges": [{"alt": "THT logo", "image": "/INTERSHOP/static/WFS/Jumbo-Site/Grocery/Jumbo-Grocery/nl_NL/PIMProductBadge/tht-10+.png", "__typename": "Badge"}], "badgeDescription": "10+ dagen houdbaar", "customerAllergies": {"short": "", "__typename": "CustomerAllergies"}, "promotions": [], "surcharges": [], "__typename": "Product", "crossSells": [], "retailSetProducts": []}, {"id": "462852ZK", "brand": "JUMBO", "category": "Aardappelen, groente en fruit", "subtitle": "750 g", "title": "Jumbo Gele Gourmand Vastkokend 750g", "image": "https://retrieval.dam-lite.prod.aws.jumbo.com/fit-in/360x360/Products/29092023_1695995345167_1695995352618_8718452592548_1.png", "inAssortment": true, "availability": {"availability": "AVAILABLE", "isAvailable": true, "label": null, "stockLimit": null, "__typename": "ProductAvailability"}, "sponsored": false, "auctionId": null, "link": "/producten/jumbo-gele-gourmand-vastkokend-750g-462852ZK", "retailSet": false, "prices": {"price": 175, "promoPrice": null, "pricePerUnit": {"price": 233, "unit": "kg", "__typename": "PricePerUnit"}, "__typename": "Price"}, "quantityDetails": {"maxAmount": 99, "minAmount": 1, "stepAmount": 1, "defaultAmount": 1, "__typename": "Quantity"}, "primaryBadge": [], "secondaryBadges": [], "badgeDescription": null, "customerAllergies": {"short": "", "__typename": "CustomerAllergies"}, "promotions": [], "surcharges": [], "__typename": "Product", "crossSells": [], "retailSetProducts": []}, {"id": "163479STK", "brand": "JUMBO", "category": "Aardappelen, groente en fruit", "subtitle": "1 kg", "title": "Jumbo Biologisch Zoete Winterpeen 1kg", "image": "https://retrieval.dam-lite.prod.aws.jumbo.com/fit-in/360x360/Products/27092023_1695821701994_1695821709534_8718452622917_1.png", "inAssortment": true, "availability": {"availability": "AVAILABLE", "isAvailable": true, "label": null, "stockLimit": null, "__typename": "ProductAvailability"}, "sponsored": false, "auctionId": null, "link": "/producten/jumbo-biologisch-zoete-winterpeen-1kg-163479STK", "retailSet": false, "prices": {"price": 225, "promoPrice": null, "pricePerUnit": {"price": 225, "unit": "kg", "__typename": "PricePerUnit"}, "__typename": "Price"}, "quantityDetails": {"maxAmount": 99, "minAmount": 1, "stepAmount": 1, "defaultAmount": 1, "__typename": "Quantity"}, "primaryBadge": [], "secondaryBadges": [{"alt": "Van dichtbij", "image": "/INTERSHOP/static/WFS/Jumbo-Site/Grocery/Jumbo-Grocery/nl_NL/PIMProductBadge/van-dichtbij.png", "__typename": "Badge"}], "badgeDescription": null, "customerAllergies": {"short": "", "__typename": "CustomerAllergies"}, "promotions": [], "surcharges": [], "__typename": "Product", "crossSells": [], "retailSetProducts": []}, {"id": "501938ZK", "brand": "JUMBO", "category": "Koek, snoep, chocolade en chips", "subtitle": "175 g", "title": "Jumbo Biologisch Ongebrande Amandelen 175g", "image": "https://retrieval.dam-lite.prod.aws.jumbo.com/fit-in/360x360/Products/09082023_1691590100431_1691590194255_8718452633630_1.png", "inAssortment": true, "availability": {"availability": "AVAILABLE", "isAvailable": true, "label": null, "stockLimit": null, "__typename": "ProductAvailability"}, "sponsored": false, "auctionId": null, "link": "/producten/jumbo-biologisch-ongebrande-amandelen-175g-501938ZK", "retailSet": false, "prices": {"price": 461, "promoPrice": null, "pricePerUnit": {"price": 2634, "unit": "kg", "__typename": "PricePerUnit"}, "__typename": "Price"}, "quantityDetails": {"maxAmount": 99, "minAmount": 1, "stepAmount": 1, "defaultAmount": 1, "__typename": "Quantity"}, "primaryBadge": [], "secondaryBadges": [], "badgeDescription": null, "customerAllergies": {"short": "", "__typename": "CustomerAllergies"}, "promotions": [], "surcharges": [], "__typename": "Product", "crossSells": [], "retailSetProducts": []}, {"id": "562206STK", "brand": "JUMBO", "category": "Aardappelen, groente en fruit", "subtitle": "250 G", "title": "Jumbo Sugar Snaps 250g", "image": "https://retrieval.dam-lite.prod.aws.jumbo.com/fit-in/360x360/Products/09082023_1691589668676_1691589978058_8718452558162_1.png", "inAssortment": true, "availability": {"availability": "TEMPORARILY_UNAVAILABLE", "isAvailable": false, "label": "Niet leverbaar", "stockLimit": null, "__typename": "ProductAvailability"}, "sponsored": false, "auctionId": null, "link": "/producten/jumbo-sugar-snaps-250g-562206STK", "retailSet": false, "prices": {"price": 259, "promoPrice": null, "pricePerUnit": {"price": 1036, "unit": "kg", "__typename": "PricePerUnit"}, "__typename": "Price"}, "quantityDetails": {"maxAmount": 99, "minAmount": 1, "stepAmount": 1, "defaultAmount": 1, "__typename": "Quantity"}, "primaryBadge": [], "secondaryBadges": [], "badgeDescription": null, "customerAllergies": {"short": "", "__typename": "CustomerAllergies"}, "promotions": [], "surcharges": [], "__typename": "Product", "crossSells": [], "retailSetProducts": []}, {"id": "192036ZK", "brand": "Jumbo", "category": "Koek, snoep, chocolade en chips", "subtitle": "125 g", "title": "Jumbo Pompoenpitten 125g", "image": "https://retrieval.dam-lite.prod.aws.jumbo.com/fit-in/360x360/Products/09082023_1691584439976_1691584469797_8718452236121_1.png", "inAssortment": true, "availability": {"availability": "AVAILABLE", "isAvailable": true, "label": null, "stockLimit": null, "__typename": "ProductAvailability"}, "sponsored": false, "auctionId": null, "link": "/producten/jumbo-pompoenpitten-125g-192036ZK", "retailSet": false, "prices": {"price": 299, "promoPrice": null, "pricePerUnit": {"price": 2392, "unit": "kg", "__typename": "PricePerUnit"}, "__typename": "Price"}, "quantityDetails": {"maxAmount": 99, "minAmount": 1, "stepAmount": 1, "defaultAmount": 1, "__typename": "Quantity"}, "primaryBadge": [], "secondaryBadges": [], "badgeDescription": null, "customerAllergies": {"short": "", "__typename": "CustomerAllergies"}, "promotions": [], "surcharges": [], "__typename": "Product", "crossSells": [], "retailSetProducts": []}, {"id": "376049STK", "brand": "Jumbo", "category": "Aardappelen, groente en fruit", "subtitle": "3 stuks", "title": "Jumbo Zoete Punt Paprika Mix 3 Stuks", "image": "https://retrieval.dam-lite.prod.aws.jumbo.com/fit-in/360x360/Products/09082023_1691585027054_1691585044330_8718452347278_1.png", "inAssortment": true, "availability": {"availability": "AVAILABLE", "isAvailable": true, "label": null, "stockLimit": null, "__typename": "ProductAvailability"}, "sponsored": false, "auctionId": null, "link": "/producten/jumbo-zoete-punt-paprika-mix-3-stuks-376049STK", "retailSet": false, "prices": {"price": 224, "promoPrice": null, "pricePerUnit": {"price": 75, "unit": "pieces", "__typename": "PricePerUnit"}, "__typename": "Price"}, "quantityDetails": {"maxAmount": 99, "minAmount": 1, "stepAmount": 1, "defaultAmount": 1, "__typename": "Quantity"}, "primaryBadge": [], "secondaryBadges": [], "badgeDescription": null, "customerAllergies": {"short": "", "__typename": "CustomerAllergies"}, "promotions": [], "surcharges": [], "__typename": "Product", "crossSells": [], "retailSetProducts": []}, {"id": "557609DS", "brand": "JUMBO", "category": "Aardappelen, groente en fruit", "subtitle": "1 stuk", "title": "Jumbo Ananas Vers 1 Stuk", "image": "https://retrieval.dam-lite.prod.aws.jumbo.com/fit-in/360x360/Products/09082023_1691594176936_1691594188724_8718452698479_1.png", "inAssortment": true, "availability": {"availability": "AVAILABLE", "isAvailable": true, "label": null, "stockLimit": null, "__typename": "ProductAvailability"}, "sponsored": false, "auctionId": null, "link": "/producten/jumbo-ananas-vers-1-stuk-557609DS", "retailSet": false, "prices": {"price": 350, "promoPrice": null, "pricePerUnit": {"price": 875, "unit": "kg", "__typename": "PricePerUnit"}, "__typename": "Price"}, "quantityDetails": {"maxAmount": 99, "minAmount": 1, "stepAmount": 1, "defaultAmount": 1, "__typename": "Quantity"}, "primaryBadge": [], "secondaryBadges": [], "badgeDescription": null, "customerAllergies": {"short": "", "__typename": "CustomerAllergies"}, "promotions": [], "surcharges": [], "__typename": "Product", "crossSells": [], "retailSetProducts": []}, {"id": "551856ZK", "brand": "JUMBO", "category": "Aardappelen, groente en fruit", "subtitle": "450 g", "title": "Jumbo Opbakaardappelen Piri Piri 450g", "image": "https://retrieval.dam-lite.prod.aws.jumbo.com/fit-in/360x360/Products/09082023_1691594060965_1691594071527_8718452697670_1.png", "inAssortment": true, "availability": {"availability": "AVAILABLE", "isAvailable": true, "label": null, "stockLimit": null, "__typename": "ProductAvailability"}, "sponsored": false, "auctionId": null, "link": "/producten/jumbo-opbakaardappelen-piri-piri-450g-551856ZK", "retailSet": false, "prices": {"price": 109, "promoPrice": null, "pricePerUnit": {"price": 242, "unit": "kg", "__typename": "PricePerUnit"}, "__typename": "Price"}, "quantityDetails": {"maxAmount": 99, "minAmount": 1, "stepAmount": 1, "defaultAmount": 1, "__typename": "Quantity"}, "primaryBadge": [], "secondaryBadges": [{"alt": "THT logo", "image": "/INTERSHOP/static/WFS/Jumbo-Site/Grocery/Jumbo-Grocery/nl_NL/PIMProductBadge/tht-2+.png", "__typename": "Badge"}], "badgeDescription": "2+ dagen houdbaar", "customerAllergies": {"short": "", "__typename": "CustomerAllergies"}, "promotions": [], "surcharges": [], "__typename": "Product", "crossSells": [], "retailSetProducts": []}, {"id": "329514ZK", "brand": "Jumbo", "category": "Aardappelen, groente en fruit", "subtitle": "400 g", "title": "Jumbo Fijne Soepgroente 400 g - Voordeelverpakking", "image": "https://retrieval.dam-lite.prod.aws.jumbo.com/fit-in/360x360/Products/09082023_1691584973076_1691584989984_8718452302154_1.png", "inAssortment": true, "availability": {"availability": "AVAILABLE", "isAvailable": true, "label": null, "stockLimit": null, "__typename": "ProductAvailability"}, "sponsored": false, "auctionId": null, "link": "/producten/jumbo-fijne-soepgroente-400-g-voordeelverpakking-329514ZK", "retailSet": false, "prices": {"price": 190, "promoPrice": null, "pricePerUnit": {"price": 475, "unit": "kg", "__typename": "PricePerUnit"}, "__typename": "Price"}, "quantityDetails": {"maxAmount": 99, "minAmount": 1, "stepAmount": 1, "defaultAmount": 1, "__typename": "Quantity"}, "primaryBadge": [], "secondaryBadges": [{"alt": "THT logo", "image": "/INTERSHOP/static/WFS/Jumbo-Site/Grocery/Jumbo-Grocery/nl_NL/PIMProductBadge/tht-2+.png", "__typename": "Badge"}], "badgeDescription": "2+ dagen houdbaar", "customerAllergies": {"short": "", "__typename": "CustomerAllergies"}, "promotions": [], "surcharges": [], "__typename": "Product", "crossSells": [], "retailSetProducts": []}, {"id": "510306BAK", "brand": "JUMBO", "category": "Aardappelen, groente en fruit", "subtitle": "200 g", "title": "Jumbo Fijnproevers Blauwe Bessen 200g", "image": "https://retrieval.dam-lite.prod.aws.jumbo.com/fit-in/360x360/Products/09082023_1691592276801_1691592310402_8718452671267_1.png", "inAssortment": true, "availability": {"availability": "AVAILABLE", "isAvailable": true, "label": null, "stockLimit": null, "__typename": "ProductAvailability"}, "sponsored": false, "auctionId": null, "link": "/producten/jumbo-fijnproevers-blauwe-bessen-200g-510306BAK", "retailSet": false, "prices": {"price": 399, "promoPrice": null, "pricePerUnit": {"price": 1995, "unit": "kg", "__typename": "PricePerUnit"}, "__typename": "Price"}, "quantityDetails": {"maxAmount": 99, "minAmount": 1, "stepAmount": 1, "defaultAmount": 1, "__typename": "Quantity"}, "primaryBadge": [], "secondaryBadges": [{"alt": "Bekroonde producten", "image": "/INTERSHOP/static/WFS/Jumbo-Site/Grocery/Jumbo-Grocery/nl_NL/PIMProductBadge/sticker_trophy_85x85.png", "__typename": "Badge"}], "badgeDescription": null, "customerAllergies": {"short": "", "__typename": "CustomerAllergies"}, "promotions": [], "surcharges": [], "__typename": "Product", "crossSells": [], "retailSetProducts": []}, {"id": "276488ZK", "brand": "Jumbo", "category": "Aardappelen, groente en fruit", "subtitle": "600 g", "title": "Jumbo Opbakaardappelen Fijn Gesneden 600g", "image": "https://retrieval.dam-lite.prod.aws.jumbo.com/fit-in/360x360/Products/09082023_1691586029610_1691586041009_8718452403424_1.png", "inAssortment": true, "availability": {"availability": "AVAILABLE", "isAvailable": true, "label": null, "stockLimit": null, "__typename": "ProductAvailability"}, "sponsored": false, "auctionId": null, "link": "/producten/jumbo-opbakaardappelen-fijn-gesneden-600g-276488ZK", "retailSet": false, "prices": {"price": 119, "promoPrice": null, "pricePerUnit": {"price": 198, "unit": "kg", "__typename": "PricePerUnit"}, "__typename": "Price"}, "quantityDetails": {"maxAmount": 99, "minAmount": 1, "stepAmount": 1, "defaultAmount": 1, "__typename": "Quantity"}, "primaryBadge": [], "secondaryBadges": [{"alt": "THT logo", "image": "/INTERSHOP/static/WFS/Jumbo-Site/Grocery/Jumbo-Grocery/nl_NL/PIMProductBadge/tht-2+.png", "__typename": "Badge"}], "badgeDescription": "2+ dagen houdbaar", "customerAllergies": {"short": "", "__typename": "CustomerAllergies"}, "promotions": [], "surcharges": [], "__typename": "Product", "crossSells": [], "retailSetProducts": []}, {"id": "554900FLS", "brand": null, "category": "Aardappelen, groente en fruit", "subtitle": "250 ml", "title": "Fruit Smoothie 100% Smoothie Kokos Ananas Banaan Appel 250ML", "image": "https://retrieval.dam-lite.prod.aws.jumbo.com/fit-in/360x360/Products/554900_4006220017732_1_T1_193538STK1691065134317.png", "inAssortment": true, "availability": {"availability": "AVAILABLE", "isAvailable": true, "label": null, "stockLimit": null, "__typename": "ProductAvailability"}, "sponsored": false, "auctionId": null, "link": "/producten/fruit-smoothie-100-smoothie-kokos-ananas-banaan-appel-250ml-554900FLS", "retailSet": false, "prices": {"price": 89, "promoPrice": null, "pricePerUnit": {"price": 356, "unit": "l", "__typename": "PricePerUnit"}, "__typename": "Price"}, "quantityDetails": {"maxAmount": 99, "minAmount": 1, "stepAmount": 1, "defaultAmount": 1, "__typename": "Quantity"}, "primaryBadge": [], "secondaryBadges": [{"alt": "THT logo", "image": "/INTERSHOP/static/WFS/Jumbo-Site/Grocery/Jumbo-Grocery/nl_NL/PIMProductBadge/tht-9+.png", "__typename": "Badge"}], "badgeDescription": "9+ dagen houdbaar", "customerAllergies": {"short": "", "__typename": "CustomerAllergies"}, "promotions": [], "surcharges": [], "__typename": "Product", "crossSells": [], "retailSetProducts": []}, {"id": "391873ZK", "brand": "Jumbo", "category": "Aardappelen, groente en fruit", "subtitle": "200 g", "title": "Jumbo Mini Krieltjes Bistro 200 g - Kleinverpakking", "image": "https://retrieval.dam-lite.prod.aws.jumbo.com/fit-in/360x360/Products/09082023_1691584973231_1691584986502_8718452309092_1.png", "inAssortment": true, "availability": {"availability": "AVAILABLE", "isAvailable": true, "label": null, "stockLimit": null, "__typename": "ProductAvailability"}, "sponsored": false, "auctionId": null, "link": "/producten/jumbo-mini-krieltjes-bistro-200-g-kleinverpakking-391873ZK", "retailSet": false, "prices": {"price": 79, "promoPrice": null, "pricePerUnit": {"price": 395, "unit": "kg", "__typename": "PricePerUnit"}, "__typename": "Price"}, "quantityDetails": {"maxAmount": 99, "minAmount": 1, "stepAmount": 1, "defaultAmount": 1, "__typename": "Quantity"}, "primaryBadge": [], "secondaryBadges": [{"alt": "THT logo", "image": "/INTERSHOP/static/WFS/Jumbo-Site/Grocery/Jumbo-Grocery/nl_NL/PIMProductBadge/tht-2+.png", "__typename": "Badge"}], "badgeDescription": "2+ dagen houdbaar", "customerAllergies": {"short": "", "__typename": "CustomerAllergies"}, "promotions": [], "surcharges": [], "__typename": "Product", "crossSells": [], "retailSetProducts": []}, {"id": "413479ZK", "brand": "JUMBO", "category": "Aardappelen, groente en fruit", "subtitle": "500 g", "title": "Jumbo Vastkokende Aardappelen 500g", "image": "https://retrieval.dam-lite.prod.aws.jumbo.com/fit-in/360x360/Products/29092023_1695995626626_1695995637880_8718452638581_1.png", "inAssortment": true, "availability": {"availability": "AVAILABLE", "isAvailable": true, "label": null, "stockLimit": null, "__typename": "ProductAvailability"}, "sponsored": false, "auctionId": null, "link": "/producten/jumbo-vastkokende-aardappelen-500g-413479ZK", "retailSet": false, "prices": {"price": 115, "promoPrice": null, "pricePerUnit": {"price": 230, "unit": "kg", "__typename": "PricePerUnit"}, "__typename": "Price"}, "quantityDetails": {"maxAmount": 99, "minAmount": 1, "stepAmount": 1, "defaultAmount": 1, "__typename": "Quantity"}, "primaryBadge": [], "secondaryBadges": [{"alt": "THT logo", "image": "/INTERSHOP/static/WFS/Jumbo-Site/Grocery/Jumbo-Grocery/nl_NL/PIMProductBadge/tht-2+.png", "__typename": "Badge"}], "badgeDescription": "2+ dagen houdbaar", "customerAllergies": {"short": "", "__typename": "CustomerAllergies"}, "promotions": [], "surcharges": [], "__typename": "Product", "crossSells": [{"sku": "92452TRA", "__typename": "Product"}, {"sku": "547365TRA", "__typename": "Product"}, {"sku": "212178STK", "__typename": "Product"}, {"sku": "380011ZK", "__typename": "Product"}, {"sku": "516887ZK", "__typename": "Product"}], "retailSetProducts": []}, {"id": "516898ZK", "brand": "JUMBO", "category": "Aardappelen, groente en fruit", "subtitle": "150 g", "title": "Jumbo Boerenkool Kleinverpakking 150g", "image": "https://retrieval.dam-lite.prod.aws.jumbo.com/fit-in/360x360/Products/10082023_1691677662728_1691677676867_8718452648252_1.png", "inAssortment": true, "availability": {"availability": "AVAILABLE", "isAvailable": true, "label": null, "stockLimit": null, "__typename": "ProductAvailability"}, "sponsored": false, "auctionId": null, "link": "/producten/jumbo-boerenkool-kleinverpakking-150g-516898ZK", "retailSet": false, "prices": {"price": 185, "promoPrice": null, "pricePerUnit": {"price": 1233, "unit": "kg", "__typename": "PricePerUnit"}, "__typename": "Price"}, "quantityDetails": {"maxAmount": 99, "minAmount": 1, "stepAmount": 1, "defaultAmount": 1, "__typename": "Quantity"}, "primaryBadge": [], "secondaryBadges": [{"alt": "NIEUW", "image": "/INTERSHOP/static/WFS/Jumbo-Site/Grocery/Jumbo-Grocery/nl_NL/PIMProductBadge/nieuw.png", "__typename": "Badge"}, {"alt": "THT logo", "image": "/INTERSHOP/static/WFS/Jumbo-Site/Grocery/Jumbo-Grocery/nl_NL/PIMProductBadge/tht-2+.png", "__typename": "Badge"}], "badgeDescription": "2+ dagen houdbaar", "customerAllergies": {"short": "", "__typename": "CustomerAllergies"}, "promotions": [], "surcharges": [], "__typename": "Product", "crossSells": [], "retailSetProducts": []}, {"id": "510630ZK", "brand": "JUMBO", "category": "Aardappelen, groente en fruit", "subtitle": "200 g", "title": "Jumbo Geschoonde Spruitjes Kleinverpakking 200g", "image": "https://retrieval.dam-lite.prod.aws.jumbo.com/fit-in/360x360/Products/510630_8718452653560_1_T1_510630ZK1691135818003.png", "inAssortment": true, "availability": {"availability": "AVAILABLE", "isAvailable": true, "label": null, "stockLimit": null, "__typename": "ProductAvailability"}, "sponsored": false, "auctionId": null, "link": "/producten/jumbo-geschoonde-spruitjes-kleinverpakking-200g-510630ZK", "retailSet": false, "prices": {"price": 199, "promoPrice": null, "pricePerUnit": {"price": 995, "unit": "kg", "__typename": "PricePerUnit"}, "__typename": "Price"}, "quantityDetails": {"maxAmount": 99, "minAmount": 1, "stepAmount": 1, "defaultAmount": 1, "__typename": "Quantity"}, "primaryBadge": [], "secondaryBadges": [{"alt": "NIEUW", "image": "/INTERSHOP/static/WFS/Jumbo-Site/Grocery/Jumbo-Grocery/nl_NL/PIMProductBadge/nieuw.png", "__typename": "Badge"}, {"alt": "THT logo", "image": "/INTERSHOP/static/WFS/Jumbo-Site/Grocery/Jumbo-Grocery/nl_NL/PIMProductBadge/tht-2+.png", "__typename": "Badge"}], "badgeDescription": "2+ dagen houdbaar", "customerAllergies": {"short": "", "__typename": "CustomerAllergies"}, "promotions": [], "surcharges": [], "__typename": "Product", "crossSells": [], "retailSetProducts": []}, {"id": "579862BAK", "brand": "Johma", "category": "Aardappelen, groente en fruit", "subtitle": "300 g", "title": "Johma Coleslaw Rauwkostsalade 300g", "image": "https://retrieval.dam-lite.prod.aws.jumbo.com/fit-in/360x360/Products/09082023_1691596489166_1691596498100_8710506088045_1.png", "inAssortment": true, "availability": {"availability": "TEMPORARILY_UNAVAILABLE", "isAvailable": false, "label": "Niet leverbaar", "stockLimit": null, "__typename": "ProductAvailability"}, "sponsored": false, "auctionId": null, "link": "/producten/johma-coleslaw-rauwkostsalade-300g-579862BAK", "retailSet": false, "prices": {"price": 229, "promoPrice": null, "pricePerUnit": {"price": 763, "unit": "kg", "__typename": "PricePerUnit"}, "__typename": "Price"}, "quantityDetails": {"maxAmount": 99, "minAmount": 1, "stepAmount": 1, "defaultAmount": 1, "__typename": "Quantity"}, "primaryBadge": [], "secondaryBadges": [{"alt": "THT logo", "image": "/INTERSHOP/static/WFS/Jumbo-Site/Grocery/Jumbo-Grocery/nl_NL/PIMProductBadge/tht-9+.png", "__typename": "Badge"}], "badgeDescription": "9+ dagen houdbaar", "customerAllergies": {"short": "", "__typename": "CustomerAllergies"}, "promotions": [], "surcharges": [], "__typename": "Product", "crossSells": [], "retailSetProducts": []}, {"id": "387102NET", "brand": null, "category": "Aardappelen, groente en fruit", "subtitle": "100 g", "title": "Jumbo Knoflook Biologisch 100g", "image": "https://retrieval.dam-lite.prod.aws.jumbo.com/fit-in/360x360/Products/18092023_1695028251894_1695028256881_8718452107742_1.png", "inAssortment": true, "availability": {"availability": "AVAILABLE", "isAvailable": true, "label": null, "stockLimit": null, "__typename": "ProductAvailability"}, "sponsored": false, "auctionId": null, "link": "/producten/jumbo-knoflook-biologisch-100g-387102NET", "retailSet": false, "prices": {"price": 135, "promoPrice": null, "pricePerUnit": {"price": 68, "unit": "pieces", "__typename": "PricePerUnit"}, "__typename": "Price"}, "quantityDetails": {"maxAmount": 99, "minAmount": 1, "stepAmount": 1, "defaultAmount": 1, "__typename": "Quantity"}, "primaryBadge": [], "secondaryBadges": [], "badgeDescription": null, "customerAllergies": {"short": "", "__typename": "CustomerAllergies"}, "promotions": [], "surcharges": [], "__typename": "Product", "crossSells": [], "retailSetProducts": []}, {"id": "391148DS", "brand": "JUMBO", "category": "Diepvries", "subtitle": "250 g", "title": "Jumbo Bramen 250g", "image": "https://retrieval.dam-lite.prod.aws.jumbo.com/fit-in/360x360/Products/09082023_1691587975554_1691587988265_8718452520084_1.png", "inAssortment": true, "availability": {"availability": "AVAILABLE", "isAvailable": true, "label": null, "stockLimit": null, "__typename": "ProductAvailability"}, "sponsored": false, "auctionId": null, "link": "/producten/jumbo-bramen-250g-391148DS", "retailSet": false, "prices": {"price": 169, "promoPrice": null, "pricePerUnit": {"price": 676, "unit": "kg", "__typename": "PricePerUnit"}, "__typename": "Price"}, "quantityDetails": {"maxAmount": 99, "minAmount": 1, "stepAmount": 1, "defaultAmount": 1, "__typename": "Quantity"}, "primaryBadge": [], "secondaryBadges": [{"alt": "Vriesvers", "image": "/INTERSHOP/static/WFS/Jumbo-Site/Grocery/Jumbo-Grocery/nl_NL/PIMProductBadge/sticker-freeze-51x51.png", "__typename": "Badge"}], "badgeDescription": null, "customerAllergies": {"short": "", "__typename": "CustomerAllergies"}, "promotions": [], "surcharges": [], "__typename": "Product", "crossSells": [], "retailSetProducts": []}, {"id": "226925ZK", "brand": "Dole", "category": "Aardappelen, groente en fruit", "subtitle": "850 g", "title": "Dole Bio Fairtrade Bananen 850g", "image": "https://retrieval.dam-lite.prod.aws.jumbo.com/fit-in/360x360/Products/09082023_1691585199101_1691585205607_4014071692718_1.png", "inAssortment": true, "availability": {"availability": "AVAILABLE", "isAvailable": true, "label": null, "stockLimit": null, "__typename": "ProductAvailability"}, "sponsored": false, "auctionId": null, "link": "/producten/dole-bio-fairtrade-bananen-850g-226925ZK", "retailSet": false, "prices": {"price": 219, "promoPrice": null, "pricePerUnit": {"price": 258, "unit": "kg", "__typename": "PricePerUnit"}, "__typename": "Price"}, "quantityDetails": {"maxAmount": 99, "minAmount": 1, "stepAmount": 1, "defaultAmount": 1, "__typename": "Quantity"}, "primaryBadge": [], "secondaryBadges": [], "badgeDescription": null, "customerAllergies": {"short": "", "__typename": "CustomerAllergies"}, "promotions": [], "surcharges": [], "__typename": "Product", "crossSells": [{"sku": "483657NET", "__typename": "Product"}, {"sku": "159388PAK", "__typename": "Product"}], "retailSetProducts": []}, {"id": "212626STK", "brand": "Jumbo", "category": "Aardappelen, groente en fruit", "subtitle": "200 g", "title": "Jumbo Romaine Sla 200g", "image": "https://retrieval.dam-lite.prod.aws.jumbo.com/fit-in/360x360/Products/09082023_1691585197241_1691585202581_8718452316182_1.png", "inAssortment": true, "availability": {"availability": "AVAILABLE", "isAvailable": true, "label": null, "stockLimit": null, "__typename": "ProductAvailability"}, "sponsored": false, "auctionId": null, "link": "/producten/jumbo-romaine-sla-200g-212626STK", "retailSet": false, "prices": {"price": 279, "promoPrice": null, "pricePerUnit": {"price": 1395, "unit": "kg", "__typename": "PricePerUnit"}, "__typename": "Price"}, "quantityDetails": {"maxAmount": 99, "minAmount": 1, "stepAmount": 1, "defaultAmount": 1, "__typename": "Quantity"}, "primaryBadge": [], "secondaryBadges": [{"alt": "THT logo", "image": "/INTERSHOP/static/WFS/Jumbo-Site/Grocery/Jumbo-Grocery/nl_NL/PIMProductBadge/tht-2+.png", "__typename": "Badge"}], "badgeDescription": "2+ dagen houdbaar", "customerAllergies": {"short": "", "__typename": "CustomerAllergies"}, "promotions": [], "surcharges": [], "__typename": "Product", "crossSells": [], "retailSetProducts": []}, {"id": "421762CUP", "brand": null, "category": "Aardappelen, groente en fruit", "subtitle": "400 gram", "title": "Komkommer Rauwkost in Romige Dressing 400g", "image": "https://retrieval.dam-lite.prod.aws.jumbo.com/fit-in/360x360/Products/10082023_1691674906777_1691674929459_8711145234848_1.png", "inAssortment": true, "availability": {"availability": "AVAILABLE", "isAvailable": true, "label": null, "stockLimit": null, "__typename": "ProductAvailability"}, "sponsored": false, "auctionId": null, "link": "/producten/komkommer-rauwkost-in-romige-dressing-400g-421762CUP", "retailSet": false, "prices": {"price": 249, "promoPrice": null, "pricePerUnit": {"price": 623, "unit": "kg", "__typename": "PricePerUnit"}, "__typename": "Price"}, "quantityDetails": {"maxAmount": 99, "minAmount": 1, "stepAmount": 1, "defaultAmount": 1, "__typename": "Quantity"}, "primaryBadge": [], "secondaryBadges": [{"alt": "THT logo", "image": "/INTERSHOP/static/WFS/Jumbo-Site/Grocery/Jumbo-Grocery/nl_NL/PIMProductBadge/tht-9+.png", "__typename": "Badge"}], "badgeDescription": "9+ dagen houdbaar", "customerAllergies": {"short": "", "__typename": "CustomerAllergies"}, "promotions": [], "surcharges": [], "__typename": "Product", "crossSells": [], "retailSetProducts": []}, {"id": "387334STK", "brand": null, "category": "Aardappelen, groente en fruit", "subtitle": null, "title": "Mini Pompoen Biologisch", "image": "https://retrieval.dam-lite.prod.aws.jumbo.com/fit-in/360x360/Products/18092023_1695045792137_1695045801033_25080001_1.png", "inAssortment": true, "availability": {"availability": "AVAILABLE", "isAvailable": true, "label": null, "stockLimit": null, "__typename": "ProductAvailability"}, "sponsored": false, "auctionId": null, "link": "/producten/mini-pompoen-biologisch-387334STK", "retailSet": false, "prices": {"price": 199, "promoPrice": null, "pricePerUnit": {"price": 199, "unit": "pieces", "__typename": "PricePerUnit"}, "__typename": "Price"}, "quantityDetails": {"maxAmount": 99, "minAmount": 1, "stepAmount": 1, "defaultAmount": 1, "__typename": "Quantity"}, "primaryBadge": [], "secondaryBadges": [{"alt": "Van dichtbij", "image": "/INTERSHOP/static/WFS/Jumbo-Site/Grocery/Jumbo-Grocery/nl_NL/PIMProductBadge/van-dichtbij.png", "__typename": "Badge"}, {"alt": "THT logo", "image": "/INTERSHOP/static/WFS/Jumbo-Site/Grocery/Jumbo-Grocery/nl_NL/PIMProductBadge/tht-2+.png", "__typename": "Badge"}], "badgeDescription": "2+ dagen houdbaar", "customerAllergies": {"short": "", "__typename": "CustomerAllergies"}, "promotions": [], "surcharges": [], "__typename": "Product", "crossSells": [], "retailSetProducts": []}, {"id": "581690DS", "brand": "JUMBO", "category": "Aardappelen, groente en fruit", "subtitle": "200 g", "title": "Jumbo Gekruide Oesterzwam Vegan Gehakt 200g", "image": "https://retrieval.dam-lite.prod.aws.jumbo.com/fit-in/360x360/Products/10082023_1691677664319_1691677673037_8718452677566_1.png", "inAssortment": true, "availability": {"availability": "TEMPORARILY_UNAVAILABLE", "isAvailable": false, "label": "Niet leverbaar", "stockLimit": null, "__typename": "ProductAvailability"}, "sponsored": false, "auctionId": null, "link": "/producten/jumbo-gekruide-oesterzwam-vegan-gehakt-200g-581690DS", "retailSet": false, "prices": {"price": 399, "promoPrice": null, "pricePerUnit": {"price": 1995, "unit": "kg", "__typename": "PricePerUnit"}, "__typename": "Price"}, "quantityDetails": {"maxAmount": 99, "minAmount": 1, "stepAmount": 1, "defaultAmount": 1, "__typename": "Quantity"}, "primaryBadge": [], "secondaryBadges": [{"alt": "THT logo", "image": "/INTERSHOP/static/WFS/Jumbo-Site/Grocery/Jumbo-Grocery/nl_NL/PIMProductBadge/tht-8+.png", "__typename": "Badge"}], "badgeDescription": "8+ dagen houdbaar", "customerAllergies": {"short": "", "__typename": "CustomerAllergies"}, "promotions": [], "surcharges": [], "__typename": "Product", "crossSells": [], "retailSetProducts": []}, {"id": "216679STK", "brand": "Smaakt\u00ae", "category": "Aardappelen, groente en fruit", "subtitle": "400 g", "title": "Smaakt Bio Spliterwten 400g", "image": "https://retrieval.dam-lite.prod.aws.jumbo.com/fit-in/360x360/Products/09082023_1691585110138_1691585124988_8719153022471_1.png", "inAssortment": true, "availability": {"availability": "AVAILABLE", "isAvailable": true, "label": null, "stockLimit": null, "__typename": "ProductAvailability"}, "sponsored": false, "auctionId": null, "link": "/producten/smaakt-bio-spliterwten-400g-216679STK", "retailSet": false, "prices": {"price": 207, "promoPrice": null, "pricePerUnit": {"price": 518, "unit": "kg", "__typename": "PricePerUnit"}, "__typename": "Price"}, "quantityDetails": {"maxAmount": 99, "minAmount": 1, "stepAmount": 1, "defaultAmount": 1, "__typename": "Quantity"}, "primaryBadge": [], "secondaryBadges": [], "badgeDescription": null, "customerAllergies": {"short": "", "__typename": "CustomerAllergies"}, "promotions": [], "surcharges": [], "__typename": "Product", "crossSells": [], "retailSetProducts": []}, {"id": "462776STK", "brand": "Jumbo", "category": "Aardappelen, groente en fruit", "subtitle": "250 G", "title": "Jumbo Kastanjechampignons Biologisch 250g", "image": "https://retrieval.dam-lite.prod.aws.jumbo.com/fit-in/360x360/Products/29092023_1695996432708_1695996442369_8718452601301_1.png", "inAssortment": true, "availability": {"availability": "AVAILABLE", "isAvailable": true, "label": null, "stockLimit": null, "__typename": "ProductAvailability"}, "sponsored": false, "auctionId": null, "link": "/producten/jumbo-kastanjechampignons-biologisch-250g-462776STK", "retailSet": false, "prices": {"price": 199, "promoPrice": null, "pricePerUnit": {"price": 796, "unit": "kg", "__typename": "PricePerUnit"}, "__typename": "Price"}, "quantityDetails": {"maxAmount": 99, "minAmount": 1, "stepAmount": 1, "defaultAmount": 1, "__typename": "Quantity"}, "primaryBadge": [], "secondaryBadges": [{"alt": "THT logo", "image": "/INTERSHOP/static/WFS/Jumbo-Site/Grocery/Jumbo-Grocery/nl_NL/PIMProductBadge/tht-2+.png", "__typename": "Badge"}, {"alt": "Van dichtbij", "image": "/INTERSHOP/static/WFS/Jumbo-Site/Grocery/Jumbo-Grocery/nl_NL/PIMProductBadge/van-dichtbij.png", "__typename": "Badge"}], "badgeDescription": "2+ dagen houdbaar", "customerAllergies": {"short": "", "__typename": "CustomerAllergies"}, "promotions": [], "surcharges": [], "__typename": "Product", "crossSells": [], "retailSetProducts": []}, {"id": "456081TAS", "brand": "JUMBO", "category": "Aardappelen, groente en fruit", "subtitle": "1 kg", "title": "Jumbo Aardappelen Roseval Vastkokend 1kg", "image": "https://retrieval.dam-lite.prod.aws.jumbo.com/fit-in/360x360/Products/28092023_1695920831280_1695920834485_8718452606207_1.png", "inAssortment": true, "availability": {"availability": "AVAILABLE", "isAvailable": true, "label": null, "stockLimit": null, "__typename": "ProductAvailability"}, "sponsored": false, "auctionId": null, "link": "/producten/jumbo-aardappelen-roseval-vastkokend-1kg-456081TAS", "retailSet": false, "prices": {"price": 199, "promoPrice": null, "pricePerUnit": {"price": 199, "unit": "kg", "__typename": "PricePerUnit"}, "__typename": "Price"}, "quantityDetails": {"maxAmount": 99, "minAmount": 1, "stepAmount": 1, "defaultAmount": 1, "__typename": "Quantity"}, "primaryBadge": [], "secondaryBadges": [{"alt": "NIEUW", "image": "/INTERSHOP/static/WFS/Jumbo-Site/Grocery/Jumbo-Grocery/nl_NL/PIMProductBadge/nieuw.png", "__typename": "Badge"}], "badgeDescription": null, "customerAllergies": {"short": "", "__typename": "CustomerAllergies"}, "promotions": [], "surcharges": [], "__typename": "Product", "crossSells": [], "retailSetProducts": []}, {"id": "212667STK", "brand": "Jumbo", "category": "Aardappelen, groente en fruit", "subtitle": "125 g", "title": "Jumbo Champignons Gesneden 125g", "image": "https://retrieval.dam-lite.prod.aws.jumbo.com/fit-in/360x360/Products/09082023_1691585249718_1691585267342_8718452323029_1.png", "inAssortment": true, "availability": {"availability": "AVAILABLE", "isAvailable": true, "label": null, "stockLimit": null, "__typename": "ProductAvailability"}, "sponsored": false, "auctionId": null, "link": "/producten/jumbo-champignons-gesneden-125g-212667STK", "retailSet": false, "prices": {"price": 185, "promoPrice": null, "pricePerUnit": {"price": 1480, "unit": "kg", "__typename": "PricePerUnit"}, "__typename": "Price"}, "quantityDetails": {"maxAmount": 99, "minAmount": 1, "stepAmount": 1, "defaultAmount": 1, "__typename": "Quantity"}, "primaryBadge": [], "secondaryBadges": [{"alt": "THT logo", "image": "/INTERSHOP/static/WFS/Jumbo-Site/Grocery/Jumbo-Grocery/nl_NL/PIMProductBadge/tht-2+.png", "__typename": "Badge"}], "badgeDescription": "2+ dagen houdbaar", "customerAllergies": {"short": "", "__typename": "CustomerAllergies"}, "promotions": [], "surcharges": [], "__typename": "Product", "crossSells": [], "retailSetProducts": []}, {"id": "10853DS", "brand": "HAK", "category": "Conserven, soepen, sauzen, oli\u00ebn", "subtitle": "500 g", "title": "Hak Gedroogde Spliterwten 500g", "image": "https://retrieval.dam-lite.prod.aws.jumbo.com/fit-in/360x360/Products/12092023_1694522163178_1694522167133_8720600604386_1.png", "inAssortment": true, "availability": {"availability": "AVAILABLE", "isAvailable": true, "label": null, "stockLimit": null, "__typename": "ProductAvailability"}, "sponsored": false, "auctionId": null, "link": "/producten/hak-gedroogde-spliterwten-500g-10853DS", "retailSet": false, "prices": {"price": 217, "promoPrice": null, "pricePerUnit": {"price": 434, "unit": "kg", "__typename": "PricePerUnit"}, "__typename": "Price"}, "quantityDetails": {"maxAmount": 99, "minAmount": 1, "stepAmount": 1, "defaultAmount": 1, "__typename": "Quantity"}, "primaryBadge": [], "secondaryBadges": [], "badgeDescription": null, "customerAllergies": {"short": "", "__typename": "CustomerAllergies"}, "promotions": [], "surcharges": [], "__typename": "Product", "crossSells": [], "retailSetProducts": []}, {"id": "465536ZK", "brand": "JUMBO", "category": "Aardappelen, groente en fruit", "subtitle": "150 g", "title": "Jumbo Rucola Gewassen Voordeelverpakking 150g", "image": "https://retrieval.dam-lite.prod.aws.jumbo.com/fit-in/360x360/Products/09082023_1691593973257_1691593981924_8718452594429_1.png", "inAssortment": true, "availability": {"availability": "AVAILABLE", "isAvailable": true, "label": null, "stockLimit": null, "__typename": "ProductAvailability"}, "sponsored": false, "auctionId": null, "link": "/producten/jumbo-rucola-gewassen-voordeelverpakking-150g-465536ZK", "retailSet": false, "prices": {"price": 174, "promoPrice": null, "pricePerUnit": {"price": 1160, "unit": "kg", "__typename": "PricePerUnit"}, "__typename": "Price"}, "quantityDetails": {"maxAmount": 99, "minAmount": 1, "stepAmount": 1, "defaultAmount": 1, "__typename": "Quantity"}, "primaryBadge": [], "secondaryBadges": [{"alt": "THT logo", "image": "/INTERSHOP/static/WFS/Jumbo-Site/Grocery/Jumbo-Grocery/nl_NL/PIMProductBadge/tht-2+.png", "__typename": "Badge"}], "badgeDescription": "2+ dagen houdbaar", "customerAllergies": {"short": "", "__typename": "CustomerAllergies"}, "promotions": [], "surcharges": [], "__typename": "Product", "crossSells": [], "retailSetProducts": []}, {"id": "384360CUP", "brand": "JUMBO", "category": "Vleeswaren, kaas en tapas", "subtitle": "225 g", "title": "Jumbo Dadels Zonder Pit 225g", "image": "https://retrieval.dam-lite.prod.aws.jumbo.com/fit-in/360x360/Products/09082023_1691587559010_1691587571568_8718452488568_1.png", "inAssortment": true, "availability": {"availability": "AVAILABLE", "isAvailable": true, "label": null, "stockLimit": null, "__typename": "ProductAvailability"}, "sponsored": false, "auctionId": null, "link": "/producten/jumbo-dadels-zonder-pit-225g-384360CUP", "retailSet": false, "prices": {"price": 224, "promoPrice": null, "pricePerUnit": {"price": 996, "unit": "kg", "__typename": "PricePerUnit"}, "__typename": "Price"}, "quantityDetails": {"maxAmount": 99, "minAmount": 1, "stepAmount": 1, "defaultAmount": 1, "__typename": "Quantity"}, "primaryBadge": [], "secondaryBadges": [], "badgeDescription": null, "customerAllergies": {"short": "", "__typename": "CustomerAllergies"}, "promotions": [], "surcharges": [], "__typename": "Product", "crossSells": [], "retailSetProducts": []}, {"id": "443146DS", "brand": "Yogi & Yousef's", "category": "Koek, snoep, chocolade en chips", "subtitle": "14 stuks", "title": "Yogi & Yousef's Vers Dadels 14 Stuks", "image": "https://retrieval.dam-lite.prod.aws.jumbo.com/fit-in/360x360/Products/09082023_1691588747420_1691588763174_8719925480584_1.png", "inAssortment": true, "availability": {"availability": "AVAILABLE", "isAvailable": true, "label": null, "stockLimit": null, "__typename": "ProductAvailability"}, "sponsored": false, "auctionId": null, "link": "/producten/yogi-yousef-s-vers-dadels-14-stuks-443146DS", "retailSet": false, "prices": {"price": 279, "promoPrice": null, "pricePerUnit": {"price": 1395, "unit": "kg", "__typename": "PricePerUnit"}, "__typename": "Price"}, "quantityDetails": {"maxAmount": 99, "minAmount": 1, "stepAmount": 1, "defaultAmount": 1, "__typename": "Quantity"}, "primaryBadge": [], "secondaryBadges": [], "badgeDescription": null, "customerAllergies": {"short": "", "__typename": "CustomerAllergies"}, "promotions": [], "surcharges": [], "__typename": "Product", "crossSells": [], "retailSetProducts": []}, {"id": "211727STK", "brand": "Jumbo", "category": "Aardappelen, groente en fruit", "subtitle": "250 g", "title": "Jumbo Italiaanse Roerbakmix 250 g - Kleinverpakking", "image": "https://retrieval.dam-lite.prod.aws.jumbo.com/fit-in/360x360/Products/09082023_1691585109325_1691585139093_8718452311620_1.png", "inAssortment": true, "availability": {"availability": "AVAILABLE", "isAvailable": true, "label": null, "stockLimit": null, "__typename": "ProductAvailability"}, "sponsored": false, "auctionId": null, "link": "/producten/jumbo-italiaanse-roerbakmix-250-g-kleinverpakking-211727STK", "retailSet": false, "prices": {"price": 179, "promoPrice": null, "pricePerUnit": {"price": 716, "unit": "kg", "__typename": "PricePerUnit"}, "__typename": "Price"}, "quantityDetails": {"maxAmount": 99, "minAmount": 1, "stepAmount": 1, "defaultAmount": 1, "__typename": "Quantity"}, "primaryBadge": [], "secondaryBadges": [{"alt": "THT logo", "image": "/INTERSHOP/static/WFS/Jumbo-Site/Grocery/Jumbo-Grocery/nl_NL/PIMProductBadge/tht-2+.png", "__typename": "Badge"}], "badgeDescription": "2+ dagen houdbaar", "customerAllergies": {"short": "", "__typename": "CustomerAllergies"}, "promotions": [], "surcharges": [], "__typename": "Product", "crossSells": [], "retailSetProducts": []}, {"id": "581692ZK", "brand": "Jumbo", "category": "Aardappelen, groente en fruit", "subtitle": "75 g", "title": "Jumbo Jonge Bladsla en Veldsla Melange 75g", "image": "https://retrieval.dam-lite.prod.aws.jumbo.com/fit-in/360x360/Products/09082023_1691586681798_1691586713545_8718452445400_1.png", "inAssortment": true, "availability": {"availability": "AVAILABLE", "isAvailable": true, "label": null, "stockLimit": null, "__typename": "ProductAvailability"}, "sponsored": false, "auctionId": null, "link": "/producten/jumbo-jonge-bladsla-en-veldsla-melange-75g-581692ZK", "retailSet": false, "prices": {"price": 116, "promoPrice": null, "pricePerUnit": {"price": 1547, "unit": "kg", "__typename": "PricePerUnit"}, "__typename": "Price"}, "quantityDetails": {"maxAmount": 99, "minAmount": 1, "stepAmount": 1, "defaultAmount": 1, "__typename": "Quantity"}, "primaryBadge": [], "secondaryBadges": [{"alt": "THT logo", "image": "/INTERSHOP/static/WFS/Jumbo-Site/Grocery/Jumbo-Grocery/nl_NL/PIMProductBadge/tht-2+.png", "__typename": "Badge"}], "badgeDescription": "2+ dagen houdbaar", "customerAllergies": {"short": "", "__typename": "CustomerAllergies"}, "promotions": [], "surcharges": [], "__typename": "Product", "crossSells": [], "retailSetProducts": []}, {"id": "510554ZK", "brand": "JUMBO", "category": "Aardappelen, groente en fruit", "subtitle": "200 g", "title": "Jumbo Snijbonen Kleinverpakking 200g", "image": "https://retrieval.dam-lite.prod.aws.jumbo.com/fit-in/360x360/Products/09082023_1691590669414_1691590701868_8718452653584_1.png", "inAssortment": true, "availability": {"availability": "AVAILABLE", "isAvailable": true, "label": null, "stockLimit": null, "__typename": "ProductAvailability"}, "sponsored": false, "auctionId": null, "link": "/producten/jumbo-snijbonen-kleinverpakking-200g-510554ZK", "retailSet": false, "prices": {"price": 189, "promoPrice": null, "pricePerUnit": {"price": 945, "unit": "kg", "__typename": "PricePerUnit"}, "__typename": "Price"}, "quantityDetails": {"maxAmount": 99, "minAmount": 1, "stepAmount": 1, "defaultAmount": 1, "__typename": "Quantity"}, "primaryBadge": [], "secondaryBadges": [{"alt": "THT logo", "image": "/INTERSHOP/static/WFS/Jumbo-Site/Grocery/Jumbo-Grocery/nl_NL/PIMProductBadge/tht-2+.png", "__typename": "Badge"}], "badgeDescription": "2+ dagen houdbaar", "customerAllergies": {"short": "", "__typename": "CustomerAllergies"}, "promotions": [], "surcharges": [], "__typename": "Product", "crossSells": [], "retailSetProducts": []}, {"id": "413760TRA", "brand": "JUMBO", "category": "Aardappelen, groente en fruit", "subtitle": "425 g", "title": "Jumbo Rozemarijn Aardappelen 425g", "image": "https://retrieval.dam-lite.prod.aws.jumbo.com/fit-in/360x360/Products/09082023_1691588005743_1691588012909_8718452530557_1.png", "inAssortment": true, "availability": {"availability": "AVAILABLE", "isAvailable": true, "label": null, "stockLimit": null, "__typename": "ProductAvailability"}, "sponsored": false, "auctionId": null, "link": "/producten/jumbo-rozemarijn-aardappelen-425g-413760TRA", "retailSet": false, "prices": {"price": 253, "promoPrice": null, "pricePerUnit": {"price": 595, "unit": "kg", "__typename": "PricePerUnit"}, "__typename": "Price"}, "quantityDetails": {"maxAmount": 99, "minAmount": 1, "stepAmount": 1, "defaultAmount": 1, "__typename": "Quantity"}, "primaryBadge": [], "secondaryBadges": [{"alt": "THT logo", "image": "/INTERSHOP/static/WFS/Jumbo-Site/Grocery/Jumbo-Grocery/nl_NL/PIMProductBadge/tht-8+.png", "__typename": "Badge"}], "badgeDescription": "8+ dagen houdbaar", "customerAllergies": {"short": "", "__typename": "CustomerAllergies"}, "promotions": [], "surcharges": [], "__typename": "Product", "crossSells": [], "retailSetProducts": []}, {"id": "257287STK", "brand": "MAGGI", "category": "Wereldkeukens, kruiden, pasta en rijst", "subtitle": "176 g", "title": "MAGGI Aardappelpuree voor Ovenschotel 176g", "image": "https://retrieval.dam-lite.prod.aws.jumbo.com/fit-in/360x360/Products/23092023_1695437377801_1695437380770_257287_STK_.png", "inAssortment": true, "availability": {"availability": "AVAILABLE", "isAvailable": true, "label": null, "stockLimit": null, "__typename": "ProductAvailability"}, "sponsored": false, "auctionId": null, "link": "/producten/maggi-aardappelpuree-voor-ovenschotel-176g-257287STK", "retailSet": false, "prices": {"price": 197, "promoPrice": null, "pricePerUnit": {"price": 1119, "unit": "kg", "__typename": "PricePerUnit"}, "__typename": "Price"}, "quantityDetails": {"maxAmount": 99, "minAmount": 1, "stepAmount": 1, "defaultAmount": 1, "__typename": "Quantity"}, "primaryBadge": [], "secondaryBadges": [], "badgeDescription": null, "customerAllergies": {"short": "", "__typename": "CustomerAllergies"}, "promotions": [], "surcharges": [], "__typename": "Product", "crossSells": [], "retailSetProducts": []}, {"id": "302244STK", "brand": "JUMBO", "category": "Aardappelen, groente en fruit", "subtitle": null, "title": "Jumbo Paprika Groen", "image": "https://retrieval.dam-lite.prod.aws.jumbo.com/fit-in/360x360/Products/29092023_1695994872605_1695994877579_8711715882424_1.png", "inAssortment": true, "availability": {"availability": "AVAILABLE", "isAvailable": true, "label": null, "stockLimit": null, "__typename": "ProductAvailability"}, "sponsored": false, "auctionId": null, "link": "/producten/jumbo-paprika-groen-302244STK", "retailSet": false, "prices": {"price": 99, "promoPrice": null, "pricePerUnit": {"price": 99, "unit": "pieces", "__typename": "PricePerUnit"}, "__typename": "Price"}, "quantityDetails": {"maxAmount": 99, "minAmount": 1, "stepAmount": 1, "defaultAmount": 1, "__typename": "Quantity"}, "primaryBadge": [], "secondaryBadges": [], "badgeDescription": null, "customerAllergies": {"short": "", "__typename": "CustomerAllergies"}, "promotions": [], "surcharges": [], "__typename": "Product", "crossSells": [], "retailSetProducts": []}, {"id": "361367POT", "brand": "HAK", "category": "Aardappelen, groente en fruit", "subtitle": "700 g", "title": "Hak Rode Kool 700g", "image": "https://retrieval.dam-lite.prod.aws.jumbo.com/fit-in/360x360/Products/10082023_1691677734927_1691677742393_8720600619687_1.png", "inAssortment": true, "availability": {"availability": "AVAILABLE", "isAvailable": true, "label": null, "stockLimit": null, "__typename": "ProductAvailability"}, "sponsored": false, "auctionId": null, "link": "/producten/hak-rode-kool-700g-361367POT", "retailSet": false, "prices": {"price": 272, "promoPrice": null, "pricePerUnit": {"price": 389, "unit": "kg", "__typename": "PricePerUnit"}, "__typename": "Price"}, "quantityDetails": {"maxAmount": 99, "minAmount": 1, "stepAmount": 1, "defaultAmount": 1, "__typename": "Quantity"}, "primaryBadge": [], "secondaryBadges": [], "badgeDescription": null, "customerAllergies": {"short": "", "__typename": "CustomerAllergies"}, "promotions": [{"id": "3797002-C-1", "group": "Seizoen", "isKiesAndMix": false, "image": "/INTERSHOP/static/WFS/Jumbo-Grocery-Site/-/Jumbo-Grocery/nl_NL/Images_Aanbiedingen/2023/Seizoensaanbiedingen/SA12/HAK_280px.png", "tags": [{"text": "2 voor \u20ac 3,50", "inverse": false, "__typename": "PromotionTag"}], "start": {"dayShort": "wo", "date": 8, "monthShort": "nov", "__typename": "PromotionDateTime"}, "end": {"dayShort": "di", "date": 5, "monthShort": "dec", "__typename": "PromotionDateTime"}, "attachments": [{"type": "PromotionGroup-Badge", "path": "/INTERSHOP/web/WFS/Jumbo-Grocery-Site/nl_NL/-/EUR/ViewPromotionAttachment-OpenFile?unitName=Jumbo&LocaleId=nl_NL&DirectoryPath=PromotionBadges&FileName=Seizoen.svg", "__typename": "PromotionAttachment"}], "primaryBadge": [{"alt": "PromotionGroup-Badge", "image": "/INTERSHOP/web/WFS/Jumbo-Grocery-Site/nl_NL/-/EUR/ViewPromotionAttachment-OpenFile?unitName=Jumbo&LocaleId=nl_NL&DirectoryPath=PromotionBadges&FileName=Seizoen.svg", "__typename": "PromotionBadge"}], "__typename": "Promotion"}], "surcharges": [], "__typename": "Product", "crossSells": [], "retailSetProducts": []}, {"id": "158646ZK", "brand": "Jumbo", "category": "Aardappelen, groente en fruit", "subtitle": "500 gram", "title": "Jumbo Zoete Uien 500g", "image": "https://retrieval.dam-lite.prod.aws.jumbo.com/fit-in/360x360/Products/09082023_1691581021535_1691581035644_8711715871466_1.png", "inAssortment": true, "availability": {"availability": "AVAILABLE", "isAvailable": true, "label": null, "stockLimit": null, "__typename": "ProductAvailability"}, "sponsored": false, "auctionId": null, "link": "/producten/jumbo-zoete-uien-500g-158646ZK", "retailSet": false, "prices": {"price": 212, "promoPrice": null, "pricePerUnit": {"price": 424, "unit": "kg", "__typename": "PricePerUnit"}, "__typename": "Price"}, "quantityDetails": {"maxAmount": 99, "minAmount": 1, "stepAmount": 1, "defaultAmount": 1, "__typename": "Quantity"}, "primaryBadge": [], "secondaryBadges": [], "badgeDescription": null, "customerAllergies": {"short": "", "__typename": "CustomerAllergies"}, "promotions": [], "surcharges": [], "__typename": "Product", "crossSells": [], "retailSetProducts": []}, {"id": "413526TRA", "brand": "JUMBO", "category": "Aardappelen, groente en fruit", "subtitle": "500 g", "title": "Jumbo Aardappelpuree 500g", "image": "https://retrieval.dam-lite.prod.aws.jumbo.com/fit-in/360x360/Products/09082023_1691588005722_1691588015906_8718452530526_1.png", "inAssortment": true, "availability": {"availability": "AVAILABLE", "isAvailable": true, "label": null, "stockLimit": null, "__typename": "ProductAvailability"}, "sponsored": false, "auctionId": null, "link": "/producten/jumbo-aardappelpuree-500g-413526TRA", "retailSet": false, "prices": {"price": 188, "promoPrice": null, "pricePerUnit": {"price": 376, "unit": "kg", "__typename": "PricePerUnit"}, "__typename": "Price"}, "quantityDetails": {"maxAmount": 99, "minAmount": 1, "stepAmount": 1, "defaultAmount": 1, "__typename": "Quantity"}, "primaryBadge": [], "secondaryBadges": [{"alt": "THT logo", "image": "/INTERSHOP/static/WFS/Jumbo-Site/Grocery/Jumbo-Grocery/nl_NL/PIMProductBadge/tht-10+.png", "__typename": "Badge"}], "badgeDescription": "10+ dagen houdbaar", "customerAllergies": {"short": "", "__typename": "CustomerAllergies"}, "promotions": [], "surcharges": [], "__typename": "Product", "crossSells": [], "retailSetProducts": []}, {"id": "454180ZK", "brand": "JUMBO", "category": "Aardappelen, groente en fruit", "subtitle": "400 g", "title": "Jumbo Biologisch Prei 400g", "image": "https://retrieval.dam-lite.prod.aws.jumbo.com/fit-in/360x360/Products/18092023_1695057672035_1695057677080_8718452606443_1.png", "inAssortment": true, "availability": {"availability": "AVAILABLE", "isAvailable": true, "label": null, "stockLimit": null, "__typename": "ProductAvailability"}, "sponsored": false, "auctionId": null, "link": "/producten/jumbo-biologisch-prei-400g-454180ZK", "retailSet": false, "prices": {"price": 298, "promoPrice": null, "pricePerUnit": {"price": 745, "unit": "kg", "__typename": "PricePerUnit"}, "__typename": "Price"}, "quantityDetails": {"maxAmount": 99, "minAmount": 1, "stepAmount": 1, "defaultAmount": 1, "__typename": "Quantity"}, "primaryBadge": [], "secondaryBadges": [{"alt": "Van dichtbij", "image": "/INTERSHOP/static/WFS/Jumbo-Site/Grocery/Jumbo-Grocery/nl_NL/PIMProductBadge/van-dichtbij.png", "__typename": "Badge"}], "badgeDescription": null, "customerAllergies": {"short": "", "__typename": "CustomerAllergies"}, "promotions": [], "surcharges": [], "__typename": "Product", "crossSells": [], "retailSetProducts": []}, {"id": "302261STK", "brand": "Jumbo", "category": "Aardappelen, groente en fruit", "subtitle": null, "title": "Jumbo Radijs", "image": "https://retrieval.dam-lite.prod.aws.jumbo.com/fit-in/360x360/Products/29092023_1695994884104_1695994892466_8711715872067_1.png", "inAssortment": true, "availability": {"availability": "AVAILABLE", "isAvailable": true, "label": null, "stockLimit": null, "__typename": "ProductAvailability"}, "sponsored": false, "auctionId": null, "link": "/producten/jumbo-radijs-302261STK", "retailSet": false, "prices": {"price": 99, "promoPrice": null, "pricePerUnit": {"price": 99, "unit": "pieces", "__typename": "PricePerUnit"}, "__typename": "Price"}, "quantityDetails": {"maxAmount": 99, "minAmount": 1, "stepAmount": 1, "defaultAmount": 1, "__typename": "Quantity"}, "primaryBadge": [], "secondaryBadges": [{"alt": "Van dichtbij", "image": "/INTERSHOP/static/WFS/Jumbo-Site/Grocery/Jumbo-Grocery/nl_NL/PIMProductBadge/van-dichtbij.png", "__typename": "Badge"}], "badgeDescription": null, "customerAllergies": {"short": "", "__typename": "CustomerAllergies"}, "promotions": [], "surcharges": [], "__typename": "Product", "crossSells": [], "retailSetProducts": []}, {"id": "184048SC", "brand": "JUMBO", "category": "Wereldkeukens, kruiden, pasta en rijst", "subtitle": "50 G", "title": "JUMBO Pittig Cayenne Pepers 50g", "image": "https://retrieval.dam-lite.prod.aws.jumbo.com/fit-in/360x360/Products/29092023_1695994871950_1695994875536_8718452237661_1.png", "inAssortment": true, "availability": {"availability": "AVAILABLE", "isAvailable": true, "label": null, "stockLimit": null, "__typename": "ProductAvailability"}, "sponsored": false, "auctionId": null, "link": "/producten/jumbo-pittig-cayenne-pepers-50g-184048SC", "retailSet": false, "prices": {"price": 159, "promoPrice": null, "pricePerUnit": {"price": 3180, "unit": "kg", "__typename": "PricePerUnit"}, "__typename": "Price"}, "quantityDetails": {"maxAmount": 99, "minAmount": 1, "stepAmount": 1, "defaultAmount": 1, "__typename": "Quantity"}, "primaryBadge": [], "secondaryBadges": [{"alt": "Van dichtbij", "image": "/INTERSHOP/static/WFS/Jumbo-Site/Grocery/Jumbo-Grocery/nl_NL/PIMProductBadge/van-dichtbij.png", "__typename": "Badge"}], "badgeDescription": null, "customerAllergies": {"short": "", "__typename": "CustomerAllergies"}, "promotions": [], "surcharges": [], "__typename": "Product", "crossSells": [], "retailSetProducts": []}, {"id": "578014DS", "brand": "JUMBO", "category": "Aardappelen, groente en fruit", "subtitle": "250 g", "title": "Jumbo Groene Salade Oosters 250g", "image": "https://retrieval.dam-lite.prod.aws.jumbo.com/fit-in/360x360/Products/10082023_1691676550573_1691676563799_8718452540815_1.png", "inAssortment": true, "availability": {"availability": "AVAILABLE", "isAvailable": true, "label": null, "stockLimit": null, "__typename": "ProductAvailability"}, "sponsored": false, "auctionId": null, "link": "/producten/jumbo-groene-salade-oosters-250g-578014DS", "retailSet": false, "prices": {"price": 399, "promoPrice": null, "pricePerUnit": {"price": 1596, "unit": "kg", "__typename": "PricePerUnit"}, "__typename": "Price"}, "quantityDetails": {"maxAmount": 99, "minAmount": 1, "stepAmount": 1, "defaultAmount": 1, "__typename": "Quantity"}, "primaryBadge": [], "secondaryBadges": [{"alt": "THT logo", "image": "/INTERSHOP/static/WFS/Jumbo-Site/Grocery/Jumbo-Grocery/nl_NL/PIMProductBadge/tht-1+.png", "__typename": "Badge"}], "badgeDescription": "1+ dagen houdbaar", "customerAllergies": {"short": "", "__typename": "CustomerAllergies"}, "promotions": [], "surcharges": [], "__typename": "Product", "crossSells": [{"sku": "577945BAK", "__typename": "Product"}, {"sku": "578001ZK", "__typename": "Product"}, {"sku": "577908BAK", "__typename": "Product"}, {"sku": "577945BAK", "__typename": "Product"}], "retailSetProducts": []}, {"id": "211822STK", "brand": null, "category": "Aardappelen, groente en fruit", "subtitle": null, "title": "Kokosnoot", "image": "https://retrieval.dam-lite.prod.aws.jumbo.com/fit-in/360x360/Products/211822_8720813130054_1_T1_211822STK1691071968264.png", "inAssortment": true, "availability": {"availability": "AVAILABLE", "isAvailable": true, "label": null, "stockLimit": null, "__typename": "ProductAvailability"}, "sponsored": false, "auctionId": null, "link": "/producten/kokosnoot-211822STK", "retailSet": false, "prices": {"price": 149, "promoPrice": null, "pricePerUnit": {"price": 149, "unit": "pieces", "__typename": "PricePerUnit"}, "__typename": "Price"}, "quantityDetails": {"maxAmount": 99, "minAmount": 1, "stepAmount": 1, "defaultAmount": 1, "__typename": "Quantity"}, "primaryBadge": [], "secondaryBadges": [], "badgeDescription": null, "customerAllergies": {"short": "", "__typename": "CustomerAllergies"}, "promotions": [], "surcharges": [], "__typename": "Product", "crossSells": [], "retailSetProducts": []}, {"id": "159561STK", "brand": "JUMBO", "category": "Aardappelen, groente en fruit", "subtitle": "1 stuk", "title": "Jumbo Biologische Witte Kool 1 Stuk", "image": "https://retrieval.dam-lite.prod.aws.jumbo.com/fit-in/360x360/Products/29092023_1695996728185_1695996731917_8718452659616_1.png", "inAssortment": true, "availability": {"availability": "AVAILABLE", "isAvailable": true, "label": null, "stockLimit": null, "__typename": "ProductAvailability"}, "sponsored": false, "auctionId": null, "link": "/producten/jumbo-biologische-witte-kool-1-stuk-159561STK", "retailSet": false, "prices": {"price": 199, "promoPrice": null, "pricePerUnit": {"price": 199, "unit": "pieces", "__typename": "PricePerUnit"}, "__typename": "Price"}, "quantityDetails": {"maxAmount": 99, "minAmount": 1, "stepAmount": 1, "defaultAmount": 1, "__typename": "Quantity"}, "primaryBadge": [], "secondaryBadges": [{"alt": "Van dichtbij", "image": "/INTERSHOP/static/WFS/Jumbo-Site/Grocery/Jumbo-Grocery/nl_NL/PIMProductBadge/van-dichtbij.png", "__typename": "Badge"}], "badgeDescription": null, "customerAllergies": {"short": "", "__typename": "CustomerAllergies"}, "promotions": [], "surcharges": [], "__typename": "Product", "crossSells": [], "retailSetProducts": []}, {"id": "200939STK", "brand": "Jumbo", "category": "Aardappelen, groente en fruit", "subtitle": "4 4 stuks", "title": "Jumbo Baby Avocado 4 Stuks", "image": "https://retrieval.dam-lite.prod.aws.jumbo.com/fit-in/360x360/Products/09082023_1691585108545_1691585119633_8718452314300_1.png", "inAssortment": true, "availability": {"availability": "AVAILABLE", "isAvailable": true, "label": null, "stockLimit": null, "__typename": "ProductAvailability"}, "sponsored": false, "auctionId": null, "link": "/producten/jumbo-baby-avocado-4-stuks-200939STK", "retailSet": false, "prices": {"price": 269, "promoPrice": null, "pricePerUnit": {"price": 67, "unit": "pieces", "__typename": "PricePerUnit"}, "__typename": "Price"}, "quantityDetails": {"maxAmount": 99, "minAmount": 1, "stepAmount": 1, "defaultAmount": 1, "__typename": "Quantity"}, "primaryBadge": [], "secondaryBadges": [], "badgeDescription": null, "customerAllergies": {"short": "", "__typename": "CustomerAllergies"}, "promotions": [], "surcharges": [], "__typename": "Product", "crossSells": [], "retailSetProducts": []}, {"id": "530935FLS", "brand": "Jumbo", "category": "Aardappelen, groente en fruit", "subtitle": "1 L", "title": "Jumbo Vers Sap Sinaasappel & Kiwi 1L", "image": "https://retrieval.dam-lite.prod.aws.jumbo.com/fit-in/360x360/Products/530935_8718452668625_1_T1_193584FLS1691078825336.png", "inAssortment": true, "availability": {"availability": "AVAILABLE", "isAvailable": true, "label": null, "stockLimit": null, "__typename": "ProductAvailability"}, "sponsored": false, "auctionId": null, "link": "/producten/jumbo-vers-sap-sinaasappel-kiwi-1l-530935FLS", "retailSet": false, "prices": {"price": 369, "promoPrice": null, "pricePerUnit": {"price": 369, "unit": "l", "__typename": "PricePerUnit"}, "__typename": "Price"}, "quantityDetails": {"maxAmount": 99, "minAmount": 1, "stepAmount": 1, "defaultAmount": 1, "__typename": "Quantity"}, "primaryBadge": [], "secondaryBadges": [{"alt": "THT logo", "image": "/INTERSHOP/static/WFS/Jumbo-Site/Grocery/Jumbo-Grocery/nl_NL/PIMProductBadge/tht-10+.png", "__typename": "Badge"}], "badgeDescription": "10+ dagen houdbaar", "customerAllergies": {"short": "", "__typename": "CustomerAllergies"}, "promotions": [], "surcharges": [], "__typename": "Product", "crossSells": [], "retailSetProducts": []}, {"id": "237861STK", "brand": "JUMBO", "category": "Aardappelen, groente en fruit", "subtitle": "250 g", "title": "Jumbo Taug\u00e9 Voordeelverpakking 250g", "image": "https://retrieval.dam-lite.prod.aws.jumbo.com/fit-in/360x360/Products/16102023_1697470687507_1697470698556_8718452713653_1.png", "inAssortment": true, "availability": {"availability": "AVAILABLE", "isAvailable": true, "label": null, "stockLimit": null, "__typename": "ProductAvailability"}, "sponsored": false, "auctionId": null, "link": "/producten/jumbo-tauge-voordeelverpakking-250g-237861STK", "retailSet": false, "prices": {"price": 189, "promoPrice": null, "pricePerUnit": {"price": 756, "unit": "kg", "__typename": "PricePerUnit"}, "__typename": "Price"}, "quantityDetails": {"maxAmount": 99, "minAmount": 1, "stepAmount": 1, "defaultAmount": 1, "__typename": "Quantity"}, "primaryBadge": [], "secondaryBadges": [{"alt": "THT logo", "image": "/INTERSHOP/static/WFS/Jumbo-Site/Grocery/Jumbo-Grocery/nl_NL/PIMProductBadge/tht-2+.png", "__typename": "Badge"}], "badgeDescription": "2+ dagen houdbaar", "customerAllergies": {"short": "", "__typename": "CustomerAllergies"}, "promotions": [], "surcharges": [], "__typename": "Product", "crossSells": [], "retailSetProducts": []}, {"id": "159526PAK", "brand": "Jumbo", "category": "Aardappelen, groente en fruit", "subtitle": "500 g", "title": "Jumbo Trostomaten Biologisch 500g", "image": "https://retrieval.dam-lite.prod.aws.jumbo.com/fit-in/360x360/Products/18092023_1695031090803_1695031098918_8718145210766_1.png", "inAssortment": true, "availability": {"availability": "AVAILABLE", "isAvailable": true, "label": null, "stockLimit": null, "__typename": "ProductAvailability"}, "sponsored": false, "auctionId": null, "link": "/producten/jumbo-trostomaten-biologisch-500g-159526PAK", "retailSet": false, "prices": {"price": 219, "promoPrice": null, "pricePerUnit": {"price": 438, "unit": "kg", "__typename": "PricePerUnit"}, "__typename": "Price"}, "quantityDetails": {"maxAmount": 99, "minAmount": 1, "stepAmount": 1, "defaultAmount": 1, "__typename": "Quantity"}, "primaryBadge": [], "secondaryBadges": [{"alt": "Van dichtbij", "image": "/INTERSHOP/static/WFS/Jumbo-Site/Grocery/Jumbo-Grocery/nl_NL/PIMProductBadge/van-dichtbij.png", "__typename": "Badge"}], "badgeDescription": null, "customerAllergies": {"short": "", "__typename": "CustomerAllergies"}, "promotions": [], "surcharges": [], "__typename": "Product", "crossSells": [{"sku": "450554ZK", "__typename": "Product"}], "retailSetProducts": []}, {"id": "276411ZK", "brand": "Jumbo", "category": "Aardappelen, groente en fruit", "subtitle": "400 g", "title": "Jumbo Zoete Aardappelblokjes 400g", "image": "https://retrieval.dam-lite.prod.aws.jumbo.com/fit-in/360x360/Products/09082023_1691586029472_1691586047317_8718452404087_1.png", "inAssortment": true, "availability": {"availability": "TEMPORARILY_UNAVAILABLE", "isAvailable": false, "label": "Niet leverbaar", "stockLimit": null, "__typename": "ProductAvailability"}, "sponsored": false, "auctionId": null, "link": "/producten/jumbo-zoete-aardappelblokjes-400g-276411ZK", "retailSet": false, "prices": {"price": 315, "promoPrice": null, "pricePerUnit": {"price": 788, "unit": "kg", "__typename": "PricePerUnit"}, "__typename": "Price"}, "quantityDetails": {"maxAmount": 99, "minAmount": 1, "stepAmount": 1, "defaultAmount": 1, "__typename": "Quantity"}, "primaryBadge": [], "secondaryBadges": [{"alt": "THT logo", "image": "/INTERSHOP/static/WFS/Jumbo-Site/Grocery/Jumbo-Grocery/nl_NL/PIMProductBadge/tht-2+.png", "__typename": "Badge"}], "badgeDescription": "2+ dagen houdbaar", "customerAllergies": {"short": "", "__typename": "CustomerAllergies"}, "promotions": [], "surcharges": [], "__typename": "Product", "crossSells": [], "retailSetProducts": []}, {"id": "218905STK", "brand": "Jumbo", "category": "Aardappelen, groente en fruit", "subtitle": null, "title": "Jumbo Sharonfruit Kaki", "image": "https://static-images.jumbo.com/product_images/240820192233_218905STK-1_360x360_2.png", "inAssortment": true, "availability": {"availability": "AVAILABLE", "isAvailable": true, "label": null, "stockLimit": null, "__typename": "ProductAvailability"}, "sponsored": false, "auctionId": null, "link": "/producten/jumbo-sharonfruit-kaki-218905STK", "retailSet": false, "prices": {"price": 89, "promoPrice": null, "pricePerUnit": {"price": 89, "unit": "pieces", "__typename": "PricePerUnit"}, "__typename": "Price"}, "quantityDetails": {"maxAmount": 99, "minAmount": 1, "stepAmount": 1, "defaultAmount": 1, "__typename": "Quantity"}, "primaryBadge": [], "secondaryBadges": [], "badgeDescription": null, "customerAllergies": {"short": "", "__typename": "CustomerAllergies"}, "promotions": [], "surcharges": [], "__typename": "Product", "crossSells": [], "retailSetProducts": []}, {"id": "591512ZK", "brand": "Jumbo", "category": "Aardappelen, groente en fruit", "subtitle": "400 g", "title": "Jumbo Proven\u00e7aalse Roerbakmix 400g", "image": "https://retrieval.dam-lite.prod.aws.jumbo.com/fit-in/360x360/Products/343942ZK144c25f2d-d826-42e0-8ebb-af45258a44ca-1695798213688.png", "inAssortment": true, "availability": {"availability": "AVAILABLE", "isAvailable": true, "label": null, "stockLimit": null, "__typename": "ProductAvailability"}, "sponsored": false, "auctionId": null, "link": "/producten/jumbo-provencaalse-roerbakmix-400g-591512ZK", "retailSet": false, "prices": {"price": 299, "promoPrice": null, "pricePerUnit": {"price": 748, "unit": "kg", "__typename": "PricePerUnit"}, "__typename": "Price"}, "quantityDetails": {"maxAmount": 99, "minAmount": 1, "stepAmount": 1, "defaultAmount": 1, "__typename": "Quantity"}, "primaryBadge": [], "secondaryBadges": [{"alt": "THT logo", "image": "/INTERSHOP/static/WFS/Jumbo-Site/Grocery/Jumbo-Grocery/nl_NL/PIMProductBadge/tht-1+.png", "__typename": "Badge"}, {"alt": "NIEUW", "image": "/INTERSHOP/static/WFS/Jumbo-Site/Grocery/Jumbo-Grocery/nl_NL/PIMProductBadge/nieuw.png", "__typename": "Badge"}], "badgeDescription": "1+ dagen houdbaar", "customerAllergies": {"short": "", "__typename": "CustomerAllergies"}, "promotions": [{"id": "3798022-C-1", "group": "Seizoen", "isKiesAndMix": false, "image": "/INTERSHOP/static/WFS/Jumbo-Grocery-Site/-/Jumbo-Grocery/nl_NL/Images_Aanbiedingen/2023/Seizoensaanbiedingen/SA12/Jumbo%20roerbakgroente_280px.png", "tags": [{"text": "2 voor \u20ac 3,50", "inverse": false, "__typename": "PromotionTag"}], "start": {"dayShort": "wo", "date": 8, "monthShort": "nov", "__typename": "PromotionDateTime"}, "end": {"dayShort": "di", "date": 5, "monthShort": "dec", "__typename": "PromotionDateTime"}, "attachments": [{"type": "PromotionGroup-Badge", "path": "/INTERSHOP/web/WFS/Jumbo-Grocery-Site/nl_NL/-/EUR/ViewPromotionAttachment-OpenFile?unitName=Jumbo&LocaleId=nl_NL&DirectoryPath=PromotionBadges&FileName=Seizoen.svg", "__typename": "PromotionAttachment"}], "primaryBadge": [{"alt": "PromotionGroup-Badge", "image": "/INTERSHOP/web/WFS/Jumbo-Grocery-Site/nl_NL/-/EUR/ViewPromotionAttachment-OpenFile?unitName=Jumbo&LocaleId=nl_NL&DirectoryPath=PromotionBadges&FileName=Seizoen.svg", "__typename": "PromotionBadge"}], "__typename": "Promotion"}], "surcharges": [], "__typename": "Product", "crossSells": [], "retailSetProducts": []}, {"id": "563715ZK", "brand": "C\u00ealaV\u00edta", "category": "Aardappelen, groente en fruit", "subtitle": "450 g", "title": "C\u00ealaV\u00edta Verse Dunne Aardappelschijfjes 450g", "image": "https://retrieval.dam-lite.prod.aws.jumbo.com/fit-in/360x360/Products/09082023_1691594986684_1691594997103_8710556813697_1.png", "inAssortment": true, "availability": {"availability": "AVAILABLE", "isAvailable": true, "label": null, "stockLimit": null, "__typename": "ProductAvailability"}, "sponsored": false, "auctionId": null, "link": "/producten/celavita-verse-dunne-aardappelschijfjes-450g-563715ZK", "retailSet": false, "prices": {"price": 148, "promoPrice": null, "pricePerUnit": {"price": 329, "unit": "kg", "__typename": "PricePerUnit"}, "__typename": "Price"}, "quantityDetails": {"maxAmount": 99, "minAmount": 1, "stepAmount": 1, "defaultAmount": 1, "__typename": "Quantity"}, "primaryBadge": [], "secondaryBadges": [{"alt": "THT logo", "image": "/INTERSHOP/static/WFS/Jumbo-Site/Grocery/Jumbo-Grocery/nl_NL/PIMProductBadge/tht-2+.png", "__typename": "Badge"}], "badgeDescription": "2+ dagen houdbaar", "customerAllergies": {"short": "", "__typename": "CustomerAllergies"}, "promotions": [], "surcharges": [], "__typename": "Product", "crossSells": [], "retailSetProducts": []}, {"id": "577909BAK", "brand": "Jumbo", "category": "Verse maaltijden en gemak", "subtitle": "285 g", "title": "Jumbo Groene Salade Caesar 285g", "image": "https://retrieval.dam-lite.prod.aws.jumbo.com/fit-in/360x360/Products/29092023_1695995422755_1695995435340_8718452454594_1.png", "inAssortment": true, "availability": {"availability": "AVAILABLE", "isAvailable": true, "label": null, "stockLimit": null, "__typename": "ProductAvailability"}, "sponsored": false, "auctionId": null, "link": "/producten/jumbo-groene-salade-caesar-285g-577909BAK", "retailSet": false, "prices": {"price": 399, "promoPrice": null, "pricePerUnit": {"price": 1400, "unit": "kg", "__typename": "PricePerUnit"}, "__typename": "Price"}, "quantityDetails": {"maxAmount": 99, "minAmount": 1, "stepAmount": 1, "defaultAmount": 1, "__typename": "Quantity"}, "primaryBadge": [], "secondaryBadges": [{"alt": "THT logo", "image": "/INTERSHOP/static/WFS/Jumbo-Site/Grocery/Jumbo-Grocery/nl_NL/PIMProductBadge/tht-1+.png", "__typename": "Badge"}], "badgeDescription": "1+ dagen houdbaar", "customerAllergies": {"short": "", "__typename": "CustomerAllergies"}, "promotions": [], "surcharges": [], "__typename": "Product", "crossSells": [{"sku": "578139BAK", "__typename": "Product"}, {"sku": "577921BAK", "__typename": "Product"}, {"sku": "577904BAK", "__typename": "Product"}, {"sku": "577908BAK", "__typename": "Product"}, {"sku": "577920BAK", "__typename": "Product"}], "retailSetProducts": []}, {"id": "257660STK", "brand": "MAGGI", "category": "Aardappelen, groente en fruit", "subtitle": "2 x 93 g", "title": "MAGGI Aardappelpuree \u00e0 la Minute Cr\u00e8me Fraiche 2 x 93g", "image": "https://retrieval.dam-lite.prod.aws.jumbo.com/fit-in/360x360/Products/29082023_1693278320803_1693278324071_257660_STK_.png", "inAssortment": true, "availability": {"availability": "AVAILABLE", "isAvailable": true, "label": null, "stockLimit": null, "__typename": "ProductAvailability"}, "sponsored": false, "auctionId": null, "link": "/producten/maggi-aardappelpuree-a-la-minute-creme-fraiche-2-x-93g-257660STK", "retailSet": false, "prices": {"price": 183, "promoPrice": null, "pricePerUnit": {"price": 984, "unit": "kg", "__typename": "PricePerUnit"}, "__typename": "Price"}, "quantityDetails": {"maxAmount": 99, "minAmount": 1, "stepAmount": 1, "defaultAmount": 1, "__typename": "Quantity"}, "primaryBadge": [], "secondaryBadges": [], "badgeDescription": null, "customerAllergies": {"short": "", "__typename": "CustomerAllergies"}, "promotions": [], "surcharges": [], "__typename": "Product", "crossSells": [], "retailSetProducts": []}, {"id": "571476BAK", "brand": "Jumbo", "category": "Aardappelen, groente en fruit", "subtitle": "175 g", "title": "Jumbo Mini Champignons 175g", "image": "https://retrieval.dam-lite.prod.aws.jumbo.com/fit-in/360x360/Products/18092023_1695034403203_1695034410234_8718452323098_1.png", "inAssortment": true, "availability": {"availability": "AVAILABLE", "isAvailable": true, "label": null, "stockLimit": null, "__typename": "ProductAvailability"}, "sponsored": false, "auctionId": null, "link": "/producten/jumbo-mini-champignons-175g-571476BAK", "retailSet": false, "prices": {"price": 229, "promoPrice": null, "pricePerUnit": {"price": 1309, "unit": "kg", "__typename": "PricePerUnit"}, "__typename": "Price"}, "quantityDetails": {"maxAmount": 99, "minAmount": 1, "stepAmount": 1, "defaultAmount": 1, "__typename": "Quantity"}, "primaryBadge": [], "secondaryBadges": [{"alt": "Van dichtbij", "image": "/INTERSHOP/static/WFS/Jumbo-Site/Grocery/Jumbo-Grocery/nl_NL/PIMProductBadge/van-dichtbij.png", "__typename": "Badge"}, {"alt": "THT logo", "image": "/INTERSHOP/static/WFS/Jumbo-Site/Grocery/Jumbo-Grocery/nl_NL/PIMProductBadge/tht-2+.png", "__typename": "Badge"}], "badgeDescription": "2+ dagen houdbaar", "customerAllergies": {"short": "", "__typename": "CustomerAllergies"}, "promotions": [], "surcharges": [], "__typename": "Product", "crossSells": [], "retailSetProducts": []}, {"id": "216708ZK", "brand": "Jumbo", "category": "Koek, snoep, chocolade en chips", "subtitle": "100 g", "title": "Jumbo Ongeroosterde Pijnboompitten 100g", "image": "https://retrieval.dam-lite.prod.aws.jumbo.com/fit-in/360x360/Products/09082023_1691585026685_1691585033306_8718452351084_1.png", "inAssortment": true, "availability": {"availability": "AVAILABLE", "isAvailable": true, "label": null, "stockLimit": null, "__typename": "ProductAvailability"}, "sponsored": false, "auctionId": null, "link": "/producten/jumbo-ongeroosterde-pijnboompitten-100g-216708ZK", "retailSet": false, "prices": {"price": 499, "promoPrice": null, "pricePerUnit": {"price": 4990, "unit": "kg", "__typename": "PricePerUnit"}, "__typename": "Price"}, "quantityDetails": {"maxAmount": 99, "minAmount": 1, "stepAmount": 1, "defaultAmount": 1, "__typename": "Quantity"}, "primaryBadge": [], "secondaryBadges": [], "badgeDescription": null, "customerAllergies": {"short": "", "__typename": "CustomerAllergies"}, "promotions": [], "surcharges": [], "__typename": "Product", "crossSells": [{"sku": "213102PAK", "__typename": "Product"}, {"sku": "393186CUP", "__typename": "Product"}, {"sku": "423362ZK", "__typename": "Product"}, {"sku": "492902ZK", "__typename": "Product"}, {"sku": "573220POT", "__typename": "Product"}], "retailSetProducts": []}, {"id": "586606STK", "brand": "Jumbo", "category": "Aardappelen, groente en fruit", "subtitle": null, "title": "Jumbo Venkel", "image": "https://retrieval.dam-lite.prod.aws.jumbo.com/fit-in/360x360/Products/586606STK1809202316950316704741695031684262871171588239456bc9821f-fade-414e-9ea6-1ee4138e3f5f-1697009275998.png", "inAssortment": true, "availability": {"availability": "AVAILABLE", "isAvailable": true, "label": null, "stockLimit": null, "__typename": "ProductAvailability"}, "sponsored": false, "auctionId": null, "link": "/producten/jumbo-venkel-586606STK", "retailSet": false, "prices": {"price": 99, "promoPrice": null, "pricePerUnit": {"price": 99, "unit": "pieces", "__typename": "PricePerUnit"}, "__typename": "Price"}, "quantityDetails": {"maxAmount": 99, "minAmount": 1, "stepAmount": 1, "defaultAmount": 1, "__typename": "Quantity"}, "primaryBadge": [], "secondaryBadges": [{"alt": "Van dichtbij", "image": "/INTERSHOP/static/WFS/Jumbo-Site/Grocery/Jumbo-Grocery/nl_NL/PIMProductBadge/van-dichtbij.png", "__typename": "Badge"}], "badgeDescription": null, "customerAllergies": {"short": "", "__typename": "CustomerAllergies"}, "promotions": [], "surcharges": [], "__typename": "Product", "crossSells": [], "retailSetProducts": []}, {"id": "501943ZK", "brand": "JUMBO", "category": "Koek, snoep, chocolade en chips", "subtitle": "175 g", "title": "Jumbo Biologisch Ongebrande Amandelen 175g", "image": "https://retrieval.dam-lite.prod.aws.jumbo.com/fit-in/360x360/Products/10082023_1691677308098_1691677318580_8718452633586_1.png", "inAssortment": true, "availability": {"availability": "UNAVAILABLE", "isAvailable": false, "label": "Niet leverbaar", "stockLimit": null, "__typename": "ProductAvailability"}, "sponsored": false, "auctionId": null, "link": "/producten/jumbo-biologisch-ongebrande-amandelen-175g-501943ZK", "retailSet": false, "prices": {"price": 350, "promoPrice": null, "pricePerUnit": {"price": 2000, "unit": "kg", "__typename": "PricePerUnit"}, "__typename": "Price"}, "quantityDetails": {"maxAmount": 99, "minAmount": 1, "stepAmount": 1, "defaultAmount": 1, "__typename": "Quantity"}, "primaryBadge": [], "secondaryBadges": [], "badgeDescription": null, "customerAllergies": {"short": "", "__typename": "CustomerAllergies"}, "promotions": [], "surcharges": [], "__typename": "Product", "crossSells": [], "retailSetProducts": []}, {"id": "257280STK", "brand": "MAGGI", "category": "Wereldkeukens, kruiden, pasta en rijst", "subtitle": "4 x 89 g", "title": "MAGGI Aardappelpuree \u00e0 la Minute Naturel Voordeel 4 x 89g", "image": "https://retrieval.dam-lite.prod.aws.jumbo.com/fit-in/360x360/Products/23092023_1695437308519_1695437311668_257280_STK_.png", "inAssortment": true, "availability": {"availability": "AVAILABLE", "isAvailable": true, "label": null, "stockLimit": null, "__typename": "ProductAvailability"}, "sponsored": false, "auctionId": null, "link": "/producten/maggi-aardappelpuree-a-la-minute-naturel-voordeel-4-x-89g-257280STK", "retailSet": false, "prices": {"price": 296, "promoPrice": null, "pricePerUnit": {"price": 831, "unit": "kg", "__typename": "PricePerUnit"}, "__typename": "Price"}, "quantityDetails": {"maxAmount": 99, "minAmount": 1, "stepAmount": 1, "defaultAmount": 1, "__typename": "Quantity"}, "primaryBadge": [], "secondaryBadges": [], "badgeDescription": null, "customerAllergies": {"short": "", "__typename": "CustomerAllergies"}, "promotions": [], "surcharges": [], "__typename": "Product", "crossSells": [], "retailSetProducts": []}, {"id": "213024STK", "brand": "JUMBO", "category": "Aardappelen, groente en fruit", "subtitle": "450 g", "title": "Jumbo Proven\u00e7aalse Aardappelschijfjes met Schil 450g", "image": "https://retrieval.dam-lite.prod.aws.jumbo.com/fit-in/360x360/Products/09082023_1691587684317_1691587694862_8718452330140_1.png", "inAssortment": true, "availability": {"availability": "AVAILABLE", "isAvailable": true, "label": null, "stockLimit": null, "__typename": "ProductAvailability"}, "sponsored": false, "auctionId": null, "link": "/producten/jumbo-provencaalse-aardappelschijfjes-met-schil-450g-213024STK", "retailSet": false, "prices": {"price": 159, "promoPrice": null, "pricePerUnit": {"price": 353, "unit": "kg", "__typename": "PricePerUnit"}, "__typename": "Price"}, "quantityDetails": {"maxAmount": 99, "minAmount": 1, "stepAmount": 1, "defaultAmount": 1, "__typename": "Quantity"}, "primaryBadge": [], "secondaryBadges": [{"alt": "THT logo", "image": "/INTERSHOP/static/WFS/Jumbo-Site/Grocery/Jumbo-Grocery/nl_NL/PIMProductBadge/tht-2+.png", "__typename": "Badge"}], "badgeDescription": "2+ dagen houdbaar", "customerAllergies": {"short": "", "__typename": "CustomerAllergies"}, "promotions": [], "surcharges": [], "__typename": "Product", "crossSells": [], "retailSetProducts": []}, {"id": "531793FLS", "brand": "JUMBO", "category": "Frisdrank en sappen", "subtitle": "250 ml", "title": "Jumbo Vers Sap Sinaasappel & Kiwi 250ML", "image": "https://retrieval.dam-lite.prod.aws.jumbo.com/fit-in/360x360/Products/09082023_1691594323422_1691594330566_8718452668670_1.png", "inAssortment": true, "availability": {"availability": "AVAILABLE", "isAvailable": true, "label": null, "stockLimit": null, "__typename": "ProductAvailability"}, "sponsored": false, "auctionId": null, "link": "/producten/jumbo-vers-sap-sinaasappel-kiwi-250ml-531793FLS", "retailSet": false, "prices": {"price": 189, "promoPrice": null, "pricePerUnit": {"price": 756, "unit": "l", "__typename": "PricePerUnit"}, "__typename": "Price"}, "quantityDetails": {"maxAmount": 99, "minAmount": 1, "stepAmount": 1, "defaultAmount": 1, "__typename": "Quantity"}, "primaryBadge": [], "secondaryBadges": [{"alt": "THT logo", "image": "/INTERSHOP/static/WFS/Jumbo-Site/Grocery/Jumbo-Grocery/nl_NL/PIMProductBadge/tht-10+.png", "__typename": "Badge"}], "badgeDescription": "10+ dagen houdbaar", "customerAllergies": {"short": "", "__typename": "CustomerAllergies"}, "promotions": [], "surcharges": [], "__typename": "Product", "crossSells": [], "retailSetProducts": []}, {"id": "591495ZK", "brand": "Jumbo", "category": "Aardappelen, groente en fruit", "subtitle": "600 g", "title": "Jumbo Champignon Roerbakmix 600 g - Voordeelverpakking", "image": "https://retrieval.dam-lite.prod.aws.jumbo.com/fit-in/360x360/Products/213091ZK1e6344de5-1854-4c26-a041-ce0f2a4885a3-1695744891525.png", "inAssortment": true, "availability": {"availability": "AVAILABLE", "isAvailable": true, "label": null, "stockLimit": null, "__typename": "ProductAvailability"}, "sponsored": false, "auctionId": null, "link": "/producten/jumbo-champignon-roerbakmix-600-g-voordeelverpakking-591495ZK", "retailSet": false, "prices": {"price": 298, "promoPrice": null, "pricePerUnit": {"price": 497, "unit": "kg", "__typename": "PricePerUnit"}, "__typename": "Price"}, "quantityDetails": {"maxAmount": 99, "minAmount": 1, "stepAmount": 1, "defaultAmount": 1, "__typename": "Quantity"}, "primaryBadge": [], "secondaryBadges": [{"alt": "THT logo", "image": "/INTERSHOP/static/WFS/Jumbo-Site/Grocery/Jumbo-Grocery/nl_NL/PIMProductBadge/tht-1+.png", "__typename": "Badge"}, {"alt": "NIEUW", "image": "/INTERSHOP/static/WFS/Jumbo-Site/Grocery/Jumbo-Grocery/nl_NL/PIMProductBadge/nieuw.png", "__typename": "Badge"}], "badgeDescription": "1+ dagen houdbaar", "customerAllergies": {"short": "", "__typename": "CustomerAllergies"}, "promotions": [], "surcharges": [], "__typename": "Product", "crossSells": [], "retailSetProducts": []}, {"id": "200906ZK", "brand": "JUMBO", "category": "Aardappelen, groente en fruit", "subtitle": "600 g", "title": "Jumbo Gebroken Sperziebonen 600g - Voordeelverpakking", "image": "https://retrieval.dam-lite.prod.aws.jumbo.com/fit-in/360x360/Products/09082023_1691587246191_1691587253820_8718452303120_1.png", "inAssortment": true, "availability": {"availability": "AVAILABLE", "isAvailable": true, "label": null, "stockLimit": null, "__typename": "ProductAvailability"}, "sponsored": false, "auctionId": null, "link": "/producten/jumbo-gebroken-sperziebonen-600g-voordeelverpakking-200906ZK", "retailSet": false, "prices": {"price": 349, "promoPrice": null, "pricePerUnit": {"price": 582, "unit": "kg", "__typename": "PricePerUnit"}, "__typename": "Price"}, "quantityDetails": {"maxAmount": 99, "minAmount": 1, "stepAmount": 1, "defaultAmount": 1, "__typename": "Quantity"}, "primaryBadge": [], "secondaryBadges": [{"alt": "THT logo", "image": "/INTERSHOP/static/WFS/Jumbo-Site/Grocery/Jumbo-Grocery/nl_NL/PIMProductBadge/tht-2+.png", "__typename": "Badge"}], "badgeDescription": "2+ dagen houdbaar", "customerAllergies": {"short": "", "__typename": "CustomerAllergies"}, "promotions": [], "surcharges": [], "__typename": "Product", "crossSells": [], "retailSetProducts": []}, {"id": "547253FLS", "brand": "JUMBO", "category": "Frisdrank en sappen", "subtitle": "125 ml", "title": "Jumbo Groenteshot Biet Appel Avocado Venkel 125ML", "image": "https://retrieval.dam-lite.prod.aws.jumbo.com/fit-in/360x360/Products/547253_8718452712366_1_T1_385898FLS1691077150837.png", "inAssortment": true, "availability": {"availability": "AVAILABLE", "isAvailable": true, "label": null, "stockLimit": null, "__typename": "ProductAvailability"}, "sponsored": false, "auctionId": null, "link": "/producten/jumbo-groenteshot-biet-appel-avocado-venkel-125ml-547253FLS", "retailSet": false, "prices": {"price": 100, "promoPrice": null, "pricePerUnit": {"price": 800, "unit": "l", "__typename": "PricePerUnit"}, "__typename": "Price"}, "quantityDetails": {"maxAmount": 99, "minAmount": 1, "stepAmount": 1, "defaultAmount": 1, "__typename": "Quantity"}, "primaryBadge": [], "secondaryBadges": [{"alt": "THT logo", "image": "/INTERSHOP/static/WFS/Jumbo-Site/Grocery/Jumbo-Grocery/nl_NL/PIMProductBadge/tht-10+.png", "__typename": "Badge"}], "badgeDescription": "10+ dagen houdbaar", "customerAllergies": {"short": "", "__typename": "CustomerAllergies"}, "promotions": [], "surcharges": [], "__typename": "Product", "crossSells": [], "retailSetProducts": []}, {"id": "437955BAK", "brand": "LOOYE", "category": "Aardappelen, groente en fruit", "subtitle": "180 g", "title": "Looye Honingtomaten 180g", "image": "https://retrieval.dam-lite.prod.aws.jumbo.com/fit-in/360x360/Products/09082023_1691590731416_1691590752413_8716062000095_1.png", "inAssortment": true, "availability": {"availability": "AVAILABLE", "isAvailable": true, "label": null, "stockLimit": null, "__typename": "ProductAvailability"}, "sponsored": false, "auctionId": null, "link": "/producten/looye-honingtomaten-180g-437955BAK", "retailSet": false, "prices": {"price": 339, "promoPrice": null, "pricePerUnit": {"price": 1883, "unit": "kg", "__typename": "PricePerUnit"}, "__typename": "Price"}, "quantityDetails": {"maxAmount": 99, "minAmount": 1, "stepAmount": 1, "defaultAmount": 1, "__typename": "Quantity"}, "primaryBadge": [], "secondaryBadges": [{"alt": "Van dichtbij", "image": "/INTERSHOP/static/WFS/Jumbo-Site/Grocery/Jumbo-Grocery/nl_NL/PIMProductBadge/van-dichtbij.png", "__typename": "Badge"}], "badgeDescription": null, "customerAllergies": {"short": "", "__typename": "CustomerAllergies"}, "promotions": [], "surcharges": [], "__typename": "Product", "crossSells": [], "retailSetProducts": []}, {"id": "212152STK", "brand": "JUMBO", "category": "Aardappelen, groente en fruit", "subtitle": "400 g", "title": "Jumbo Spitskool 400g", "image": "https://retrieval.dam-lite.prod.aws.jumbo.com/fit-in/360x360/Products/09082023_1691587283324_1691587295611_8718452303205_1.png", "inAssortment": true, "availability": {"availability": "AVAILABLE", "isAvailable": true, "label": null, "stockLimit": null, "__typename": "ProductAvailability"}, "sponsored": false, "auctionId": null, "link": "/producten/jumbo-spitskool-400g-212152STK", "retailSet": false, "prices": {"price": 199, "promoPrice": null, "pricePerUnit": {"price": 498, "unit": "kg", "__typename": "PricePerUnit"}, "__typename": "Price"}, "quantityDetails": {"maxAmount": 99, "minAmount": 1, "stepAmount": 1, "defaultAmount": 1, "__typename": "Quantity"}, "primaryBadge": [], "secondaryBadges": [{"alt": "THT logo", "image": "/INTERSHOP/static/WFS/Jumbo-Site/Grocery/Jumbo-Grocery/nl_NL/PIMProductBadge/tht-2+.png", "__typename": "Badge"}], "badgeDescription": "2+ dagen houdbaar", "customerAllergies": {"short": "", "__typename": "CustomerAllergies"}, "promotions": [], "surcharges": [], "__typename": "Product", "crossSells": [], "retailSetProducts": []}, {"id": "579479DS", "brand": "Jumbo", "category": "Aardappelen, groente en fruit", "subtitle": "125 G", "title": "Jumbo Frambozen 125g", "image": "https://retrieval.dam-lite.prod.aws.jumbo.com/fit-in/360x360/Products/29092023_1695995627279_1695995637720_8711715881946_1.png", "inAssortment": true, "availability": {"availability": "AVAILABLE", "isAvailable": true, "label": null, "stockLimit": null, "__typename": "ProductAvailability"}, "sponsored": false, "auctionId": null, "link": "/producten/jumbo-frambozen-125g-579479DS", "retailSet": false, "prices": {"price": 279, "promoPrice": null, "pricePerUnit": {"price": 2232, "unit": "kg", "__typename": "PricePerUnit"}, "__typename": "Price"}, "quantityDetails": {"maxAmount": 99, "minAmount": 1, "stepAmount": 1, "defaultAmount": 1, "__typename": "Quantity"}, "primaryBadge": [], "secondaryBadges": [{"alt": "NIEUW", "image": "/INTERSHOP/static/WFS/Jumbo-Site/Grocery/Jumbo-Grocery/nl_NL/PIMProductBadge/nieuw.png", "__typename": "Badge"}, {"alt": "Van dichtbij", "image": "/INTERSHOP/static/WFS/Jumbo-Site/Grocery/Jumbo-Grocery/nl_NL/PIMProductBadge/van-dichtbij.png", "__typename": "Badge"}], "badgeDescription": null, "customerAllergies": {"short": "", "__typename": "CustomerAllergies"}, "promotions": [{"id": "3798024-C-1", "group": "Seizoen", "isKiesAndMix": true, "image": "/INTERSHOP/static/WFS/Jumbo-Grocery-Site/-/Jumbo-Grocery/nl_NL/Images_Aanbiedingen/2023/Seizoensaanbiedingen/SA12/Kies%20en%20Mix%20Fruit_280px.png", "tags": [{"text": "2 voor \u20ac 4,00", "inverse": false, "__typename": "PromotionTag"}], "start": {"dayShort": "wo", "date": 8, "monthShort": "nov", "__typename": "PromotionDateTime"}, "end": {"dayShort": "di", "date": 5, "monthShort": "dec", "__typename": "PromotionDateTime"}, "attachments": [{"type": "CustomBadge", "path": "/INTERSHOP/web/WFS/Jumbo-Grocery-Site/nl_NL/-/EUR/ViewPromotionAttachment-OpenFile?LocaleId=nl_NL&DirectoryPath=0003-Kies%26Mix&FileName=Kies_mix_nieuw.png&UnitName=Jumbo-Grocery", "__typename": "PromotionAttachment"}, {"type": "PromotionGroup-Badge", "path": "/INTERSHOP/web/WFS/Jumbo-Grocery-Site/nl_NL/-/EUR/ViewPromotionAttachment-OpenFile?unitName=Jumbo&LocaleId=nl_NL&DirectoryPath=PromotionBadges&FileName=Seizoen.svg", "__typename": "PromotionAttachment"}], "primaryBadge": [{"alt": "CustomBadge", "image": "/INTERSHOP/web/WFS/Jumbo-Grocery-Site/nl_NL/-/EUR/ViewPromotionAttachment-OpenFile?LocaleId=nl_NL&DirectoryPath=0003-Kies%26Mix&FileName=Kies_mix_nieuw.png&UnitName=Jumbo-Grocery", "__typename": "PromotionBadge"}, {"alt": "PromotionGroup-Badge", "image": "/INTERSHOP/web/WFS/Jumbo-Grocery-Site/nl_NL/-/EUR/ViewPromotionAttachment-OpenFile?unitName=Jumbo&LocaleId=nl_NL&DirectoryPath=PromotionBadges&FileName=Seizoen.svg", "__typename": "PromotionBadge"}], "__typename": "Promotion"}], "surcharges": [], "__typename": "Product", "crossSells": [], "retailSetProducts": []}, {"id": "329513ZK", "brand": "JUMBO", "category": "Aardappelen, groente en fruit", "subtitle": "600 g", "title": "Jumbo Snijbonen 600g - Voordeelverpakking", "image": "https://retrieval.dam-lite.prod.aws.jumbo.com/fit-in/360x360/Products/09082023_1691587284228_1691587301264_8718452303137_1.png", "inAssortment": true, "availability": {"availability": "UNAVAILABLE", "isAvailable": false, "label": "Niet leverbaar", "stockLimit": null, "__typename": "ProductAvailability"}, "sponsored": false, "auctionId": null, "link": "/producten/jumbo-snijbonen-600g-voordeelverpakking-329513ZK", "retailSet": false, "prices": {"price": 325, "promoPrice": null, "pricePerUnit": {"price": 542, "unit": "kg", "__typename": "PricePerUnit"}, "__typename": "Price"}, "quantityDetails": {"maxAmount": 99, "minAmount": 1, "stepAmount": 1, "defaultAmount": 1, "__typename": "Quantity"}, "primaryBadge": [], "secondaryBadges": [{"alt": "THT logo", "image": "/INTERSHOP/static/WFS/Jumbo-Site/Grocery/Jumbo-Grocery/nl_NL/PIMProductBadge/tht-2+.png", "__typename": "Badge"}], "badgeDescription": "2+ dagen houdbaar", "customerAllergies": {"short": "", "__typename": "CustomerAllergies"}, "promotions": [], "surcharges": [], "__typename": "Product", "crossSells": [], "retailSetProducts": []}, {"id": "561960ZK", "brand": "JUMBO", "category": "Aardappelen, groente en fruit", "subtitle": "300 g", "title": "Jumbo Julienne Wortel Voordeelverpakking 300g", "image": "https://retrieval.dam-lite.prod.aws.jumbo.com/fit-in/360x360/Products/09082023_1691594668653_1691594674436_8718452731688_1.png", "inAssortment": true, "availability": {"availability": "AVAILABLE", "isAvailable": true, "label": null, "stockLimit": null, "__typename": "ProductAvailability"}, "sponsored": false, "auctionId": null, "link": "/producten/jumbo-julienne-wortel-voordeelverpakking-300g-561960ZK", "retailSet": false, "prices": {"price": 229, "promoPrice": null, "pricePerUnit": {"price": 763, "unit": "kg", "__typename": "PricePerUnit"}, "__typename": "Price"}, "quantityDetails": {"maxAmount": 99, "minAmount": 1, "stepAmount": 1, "defaultAmount": 1, "__typename": "Quantity"}, "primaryBadge": [], "secondaryBadges": [{"alt": "THT logo", "image": "/INTERSHOP/static/WFS/Jumbo-Site/Grocery/Jumbo-Grocery/nl_NL/PIMProductBadge/tht-1+.png", "__typename": "Badge"}], "badgeDescription": "1+ dagen houdbaar", "customerAllergies": {"short": "", "__typename": "CustomerAllergies"}, "promotions": [], "surcharges": [], "__typename": "Product", "crossSells": [], "retailSetProducts": []}, {"id": "230679ZK", "brand": "Jumbo", "category": "Aardappelen, groente en fruit", "subtitle": "200 g", "title": "Jumbo Gekruide Opbakaardappelen met Schil 200 g - Kleinverpakking", "image": "https://retrieval.dam-lite.prod.aws.jumbo.com/fit-in/360x360/Products/09082023_1691585251694_1691585285069_8718452373680_1.png", "inAssortment": true, "availability": {"availability": "AVAILABLE", "isAvailable": true, "label": null, "stockLimit": null, "__typename": "ProductAvailability"}, "sponsored": false, "auctionId": null, "link": "/producten/jumbo-gekruide-opbakaardappelen-met-schil-200-g-kleinverpakking-230679ZK", "retailSet": false, "prices": {"price": 85, "promoPrice": null, "pricePerUnit": {"price": 425, "unit": "kg", "__typename": "PricePerUnit"}, "__typename": "Price"}, "quantityDetails": {"maxAmount": 99, "minAmount": 1, "stepAmount": 1, "defaultAmount": 1, "__typename": "Quantity"}, "primaryBadge": [], "secondaryBadges": [{"alt": "THT logo", "image": "/INTERSHOP/static/WFS/Jumbo-Site/Grocery/Jumbo-Grocery/nl_NL/PIMProductBadge/tht-2+.png", "__typename": "Badge"}], "badgeDescription": "2+ dagen houdbaar", "customerAllergies": {"short": "", "__typename": "CustomerAllergies"}, "promotions": [], "surcharges": [], "__typename": "Product", "crossSells": [], "retailSetProducts": []}, {"id": "202327STK", "brand": "JUMBO", "category": "Aardappelen, groente en fruit", "subtitle": "2 stuks", "title": "JUMBO Mini Sla Romaine Little Gem 2 Stuks", "image": "https://retrieval.dam-lite.prod.aws.jumbo.com/fit-in/360x360/Products/29092023_1695994883529_1695994892506_8718452319336_1.png", "inAssortment": true, "availability": {"availability": "AVAILABLE", "isAvailable": true, "label": null, "stockLimit": null, "__typename": "ProductAvailability"}, "sponsored": false, "auctionId": null, "link": "/producten/jumbo-mini-sla-romaine-little-gem-2-stuks-202327STK", "retailSet": false, "prices": {"price": 229, "promoPrice": null, "pricePerUnit": {"price": 115, "unit": "pieces", "__typename": "PricePerUnit"}, "__typename": "Price"}, "quantityDetails": {"maxAmount": 99, "minAmount": 1, "stepAmount": 1, "defaultAmount": 1, "__typename": "Quantity"}, "primaryBadge": [], "secondaryBadges": [], "badgeDescription": null, "customerAllergies": {"short": "", "__typename": "CustomerAllergies"}, "promotions": [], "surcharges": [], "__typename": "Product", "crossSells": [], "retailSetProducts": []}, {"id": "579478TRA", "brand": "JUMBO", "category": "Aardappelen, groente en fruit", "subtitle": "250 g", "title": "Jumbo Biologische Cherrytomaten 250g", "image": "https://retrieval.dam-lite.prod.aws.jumbo.com/fit-in/360x360/Products/28092023_1695922630810_1695922634816_8718452773251_1.png", "inAssortment": true, "availability": {"availability": "AVAILABLE", "isAvailable": true, "label": null, "stockLimit": null, "__typename": "ProductAvailability"}, "sponsored": false, "auctionId": null, "link": "/producten/jumbo-biologische-cherrytomaten-250g-579478TRA", "retailSet": false, "prices": {"price": 199, "promoPrice": null, "pricePerUnit": {"price": 796, "unit": "kg", "__typename": "PricePerUnit"}, "__typename": "Price"}, "quantityDetails": {"maxAmount": 99, "minAmount": 1, "stepAmount": 1, "defaultAmount": 1, "__typename": "Quantity"}, "primaryBadge": [], "secondaryBadges": [], "badgeDescription": null, "customerAllergies": {"short": "", "__typename": "CustomerAllergies"}, "promotions": [], "surcharges": [], "__typename": "Product", "crossSells": [], "retailSetProducts": []}, {"id": "557792ZK", "brand": "JUMBO", "category": "Aardappelen, groente en fruit", "subtitle": "200 G", "title": "Jumbo Radijs 200g", "image": "https://retrieval.dam-lite.prod.aws.jumbo.com/fit-in/360x360/Products/09082023_1691594377258_1691594389159_8718452730353_1.png", "inAssortment": true, "availability": {"availability": "AVAILABLE", "isAvailable": true, "label": null, "stockLimit": null, "__typename": "ProductAvailability"}, "sponsored": false, "auctionId": null, "link": "/producten/jumbo-radijs-200g-557792ZK", "retailSet": false, "prices": {"price": 59, "promoPrice": null, "pricePerUnit": {"price": 295, "unit": "kg", "__typename": "PricePerUnit"}, "__typename": "Price"}, "quantityDetails": {"maxAmount": 99, "minAmount": 1, "stepAmount": 1, "defaultAmount": 1, "__typename": "Quantity"}, "primaryBadge": [], "secondaryBadges": [{"alt": "Van dichtbij", "image": "/INTERSHOP/static/WFS/Jumbo-Site/Grocery/Jumbo-Grocery/nl_NL/PIMProductBadge/van-dichtbij.png", "__typename": "Badge"}], "badgeDescription": null, "customerAllergies": {"short": "", "__typename": "CustomerAllergies"}, "promotions": [], "surcharges": [], "__typename": "Product", "crossSells": [], "retailSetProducts": []}, {"id": "191665ZK", "brand": "Jumbo", "category": "Conserven, soepen, sauzen, oli\u00ebn", "subtitle": "400 g", "title": "Jumbo Gedroogde Spliterwten 400g", "image": "https://retrieval.dam-lite.prod.aws.jumbo.com/fit-in/360x360/Products/09082023_1691584439433_1691584450750_8718452252510_1.png", "inAssortment": true, "availability": {"availability": "AVAILABLE", "isAvailable": true, "label": null, "stockLimit": null, "__typename": "ProductAvailability"}, "sponsored": false, "auctionId": null, "link": "/producten/jumbo-gedroogde-spliterwten-400g-191665ZK", "retailSet": false, "prices": {"price": 182, "promoPrice": null, "pricePerUnit": {"price": 455, "unit": "kg", "__typename": "PricePerUnit"}, "__typename": "Price"}, "quantityDetails": {"maxAmount": 99, "minAmount": 1, "stepAmount": 1, "defaultAmount": 1, "__typename": "Quantity"}, "primaryBadge": [], "secondaryBadges": [{"alt": "NIEUW", "image": "/INTERSHOP/static/WFS/Jumbo-Site/Grocery/Jumbo-Grocery/nl_NL/PIMProductBadge/nieuw.png", "__typename": "Badge"}], "badgeDescription": null, "customerAllergies": {"short": "", "__typename": "CustomerAllergies"}, "promotions": [], "surcharges": [], "__typename": "Product", "crossSells": [], "retailSetProducts": []}, {"id": "578887DS", "brand": "Jumbo", "category": "Aardappelen, groente en fruit", "subtitle": "125 G", "title": "Jumbo Blauwe Bessen Biologisch 125g", "image": "https://retrieval.dam-lite.prod.aws.jumbo.com/fit-in/360x360/Products/09082023_1691584857637_1691584874242_8710147615143_1.png", "inAssortment": true, "availability": {"availability": "AVAILABLE", "isAvailable": true, "label": null, "stockLimit": null, "__typename": "ProductAvailability"}, "sponsored": false, "auctionId": null, "link": "/producten/jumbo-blauwe-bessen-biologisch-125g-578887DS", "retailSet": false, "prices": {"price": 299, "promoPrice": null, "pricePerUnit": {"price": 2392, "unit": "kg", "__typename": "PricePerUnit"}, "__typename": "Price"}, "quantityDetails": {"maxAmount": 99, "minAmount": 1, "stepAmount": 1, "defaultAmount": 1, "__typename": "Quantity"}, "primaryBadge": [], "secondaryBadges": [], "badgeDescription": null, "customerAllergies": {"short": "", "__typename": "CustomerAllergies"}, "promotions": [], "surcharges": [], "__typename": "Product", "crossSells": [{"sku": "483657NET", "__typename": "Product"}], "retailSetProducts": []}, {"id": "591488ZK", "brand": "JUMBO", "category": "Aardappelen, groente en fruit", "subtitle": "350 g", "title": "Jumbo Geschoonde Spruitjes 350g", "image": "https://retrieval.dam-lite.prod.aws.jumbo.com/fit-in/360x360/Products/516928ZK169f34874-bcdf-4014-963a-fcc5b87fbca7-1695743678696.png", "inAssortment": true, "availability": {"availability": "AVAILABLE", "isAvailable": true, "label": null, "stockLimit": null, "__typename": "ProductAvailability"}, "sponsored": false, "auctionId": null, "link": "/producten/jumbo-geschoonde-spruitjes-350g-591488ZK", "retailSet": false, "prices": {"price": 249, "promoPrice": null, "pricePerUnit": {"price": 711, "unit": "kg", "__typename": "PricePerUnit"}, "__typename": "Price"}, "quantityDetails": {"maxAmount": 99, "minAmount": 1, "stepAmount": 1, "defaultAmount": 1, "__typename": "Quantity"}, "primaryBadge": [], "secondaryBadges": [{"alt": "THT logo", "image": "/INTERSHOP/static/WFS/Jumbo-Site/Grocery/Jumbo-Grocery/nl_NL/PIMProductBadge/tht-1+.png", "__typename": "Badge"}, {"alt": "NIEUW", "image": "/INTERSHOP/static/WFS/Jumbo-Site/Grocery/Jumbo-Grocery/nl_NL/PIMProductBadge/nieuw.png", "__typename": "Badge"}], "badgeDescription": "1+ dagen houdbaar", "customerAllergies": {"short": "", "__typename": "CustomerAllergies"}, "promotions": [], "surcharges": [], "__typename": "Product", "crossSells": [], "retailSetProducts": []}, {"id": "583718STK", "brand": "JUMBO", "category": "Aardappelen, groente en fruit", "subtitle": "400 g", "title": "Jumbo Groentemix Peen, Bloemkool & Broccoli 400g", "image": "https://retrieval.dam-lite.prod.aws.jumbo.com/fit-in/360x360/Products/09082023_1691587250714_1691587257984_8718452303168_1.png", "inAssortment": true, "availability": {"availability": "AVAILABLE", "isAvailable": true, "label": null, "stockLimit": null, "__typename": "ProductAvailability"}, "sponsored": false, "auctionId": null, "link": "/producten/jumbo-groentemix-peen-bloemkool-broccoli-400g-583718STK", "retailSet": false, "prices": {"price": 279, "promoPrice": null, "pricePerUnit": {"price": 698, "unit": "kg", "__typename": "PricePerUnit"}, "__typename": "Price"}, "quantityDetails": {"maxAmount": 99, "minAmount": 1, "stepAmount": 1, "defaultAmount": 1, "__typename": "Quantity"}, "primaryBadge": [], "secondaryBadges": [{"alt": "THT logo", "image": "/INTERSHOP/static/WFS/Jumbo-Site/Grocery/Jumbo-Grocery/nl_NL/PIMProductBadge/tht-2+.png", "__typename": "Badge"}], "badgeDescription": "2+ dagen houdbaar", "customerAllergies": {"short": "", "__typename": "CustomerAllergies"}, "promotions": [], "surcharges": [], "__typename": "Product", "crossSells": [], "retailSetProducts": []}, {"id": "54023PAK", "brand": "KRAMER", "category": "Aardappelen, groente en fruit", "subtitle": "520 g", "title": "Kramer Gezouten Bonen 520g", "image": "https://retrieval.dam-lite.prod.aws.jumbo.com/fit-in/360x360/Products/10082023_1691677954106_1691677956065_8710488243210_1.png", "inAssortment": true, "availability": {"availability": "AVAILABLE", "isAvailable": true, "label": null, "stockLimit": null, "__typename": "ProductAvailability"}, "sponsored": false, "auctionId": null, "link": "/producten/kramer-gezouten-bonen-520g-54023PAK", "retailSet": false, "prices": {"price": 149, "promoPrice": null, "pricePerUnit": {"price": 373, "unit": "kg", "__typename": "PricePerUnit"}, "__typename": "Price"}, "quantityDetails": {"maxAmount": 99, "minAmount": 1, "stepAmount": 1, "defaultAmount": 1, "__typename": "Quantity"}, "primaryBadge": [], "secondaryBadges": [], "badgeDescription": null, "customerAllergies": {"short": "", "__typename": "CustomerAllergies"}, "promotions": [], "surcharges": [], "__typename": "Product", "crossSells": [], "retailSetProducts": []}, {"id": "562205STK", "brand": "Jumbo", "category": "Aardappelen, groente en fruit", "subtitle": "250 G", "title": "Jumbo Peultjes 250g", "image": "https://retrieval.dam-lite.prod.aws.jumbo.com/fit-in/360x360/Products/09082023_1691584857579_1691584878676_8711715882295_1.png", "inAssortment": true, "availability": {"availability": "AVAILABLE", "isAvailable": true, "label": null, "stockLimit": null, "__typename": "ProductAvailability"}, "sponsored": false, "auctionId": null, "link": "/producten/jumbo-peultjes-250g-562205STK", "retailSet": false, "prices": {"price": 239, "promoPrice": null, "pricePerUnit": {"price": 956, "unit": "kg", "__typename": "PricePerUnit"}, "__typename": "Price"}, "quantityDetails": {"maxAmount": 99, "minAmount": 1, "stepAmount": 1, "defaultAmount": 1, "__typename": "Quantity"}, "primaryBadge": [], "secondaryBadges": [], "badgeDescription": null, "customerAllergies": {"short": "", "__typename": "CustomerAllergies"}, "promotions": [], "surcharges": [], "__typename": "Product", "crossSells": [], "retailSetProducts": []}, {"id": "462768PAK", "brand": "Jumbo", "category": "Aardappelen, groente en fruit", "subtitle": "200 g", "title": "Jumbo Paddenstoelen Mix 200g", "image": "https://retrieval.dam-lite.prod.aws.jumbo.com/fit-in/360x360/Products/18092023_1695034402869_1695034412067_8718452323173_1.png", "inAssortment": true, "availability": {"availability": "AVAILABLE", "isAvailable": true, "label": null, "stockLimit": null, "__typename": "ProductAvailability"}, "sponsored": false, "auctionId": null, "link": "/producten/jumbo-paddenstoelen-mix-200g-462768PAK", "retailSet": false, "prices": {"price": 249, "promoPrice": null, "pricePerUnit": {"price": 1245, "unit": "kg", "__typename": "PricePerUnit"}, "__typename": "Price"}, "quantityDetails": {"maxAmount": 99, "minAmount": 1, "stepAmount": 1, "defaultAmount": 1, "__typename": "Quantity"}, "primaryBadge": [], "secondaryBadges": [{"alt": "THT logo", "image": "/INTERSHOP/static/WFS/Jumbo-Site/Grocery/Jumbo-Grocery/nl_NL/PIMProductBadge/tht-2+.png", "__typename": "Badge"}], "badgeDescription": "2+ dagen houdbaar", "customerAllergies": {"short": "", "__typename": "CustomerAllergies"}, "promotions": [], "surcharges": [], "__typename": "Product", "crossSells": [], "retailSetProducts": []}, {"id": "524061ZK", "brand": "JUMBO", "category": "Aardappelen, groente en fruit", "subtitle": "1 KG", "title": "Jumbo Biologisch Aardappelen Vastkokend 1kg", "image": "https://retrieval.dam-lite.prod.aws.jumbo.com/fit-in/360x360/Products/10082023_1691677956038_1691677964097_8718452693115_1.png", "inAssortment": true, "availability": {"availability": "AVAILABLE", "isAvailable": true, "label": null, "stockLimit": null, "__typename": "ProductAvailability"}, "sponsored": false, "auctionId": null, "link": "/producten/jumbo-biologisch-aardappelen-vastkokend-1kg-524061ZK", "retailSet": false, "prices": {"price": 239, "promoPrice": null, "pricePerUnit": {"price": 239, "unit": "kg", "__typename": "PricePerUnit"}, "__typename": "Price"}, "quantityDetails": {"maxAmount": 99, "minAmount": 1, "stepAmount": 1, "defaultAmount": 1, "__typename": "Quantity"}, "primaryBadge": [], "secondaryBadges": [{"alt": "Van dichtbij", "image": "/INTERSHOP/static/WFS/Jumbo-Site/Grocery/Jumbo-Grocery/nl_NL/PIMProductBadge/van-dichtbij.png", "__typename": "Badge"}], "badgeDescription": null, "customerAllergies": {"short": "", "__typename": "CustomerAllergies"}, "promotions": [], "surcharges": [], "__typename": "Product", "crossSells": [], "retailSetProducts": []}, {"id": "308361STK", "brand": "Jumbo", "category": "Aardappelen, groente en fruit", "subtitle": null, "title": "Jumbo Grijze Pompoen Biologisch", "image": "https://retrieval.dam-lite.prod.aws.jumbo.com/fit-in/360x360/Products/09082023_1691586657091_1691586667899_8501_1.png", "inAssortment": true, "availability": {"availability": "AVAILABLE", "isAvailable": true, "label": null, "stockLimit": null, "__typename": "ProductAvailability"}, "sponsored": false, "auctionId": null, "link": "/producten/jumbo-grijze-pompoen-biologisch-308361STK", "retailSet": false, "prices": {"price": 199, "promoPrice": null, "pricePerUnit": {"price": 199, "unit": "pieces", "__typename": "PricePerUnit"}, "__typename": "Price"}, "quantityDetails": {"maxAmount": 99, "minAmount": 1, "stepAmount": 1, "defaultAmount": 1, "__typename": "Quantity"}, "primaryBadge": [], "secondaryBadges": [{"alt": "Van dichtbij", "image": "/INTERSHOP/static/WFS/Jumbo-Site/Grocery/Jumbo-Grocery/nl_NL/PIMProductBadge/van-dichtbij.png", "__typename": "Badge"}, {"alt": "NIEUW", "image": "/INTERSHOP/static/WFS/Jumbo-Site/Grocery/Jumbo-Grocery/nl_NL/PIMProductBadge/nieuw.png", "__typename": "Badge"}], "badgeDescription": null, "customerAllergies": {"short": "", "__typename": "CustomerAllergies"}, "promotions": [], "surcharges": [], "__typename": "Product", "crossSells": [], "retailSetProducts": []}, {"id": "163475PAK", "brand": "JUMBO", "category": "Aardappelen, groente en fruit", "subtitle": "520 g", "title": "Jumbo Zuurkool Wijn 500g", "image": "https://retrieval.dam-lite.prod.aws.jumbo.com/fit-in/360x360/Products/29092023_1695994871726_1695994877656_8718452063918_1.png", "inAssortment": true, "availability": {"availability": "AVAILABLE", "isAvailable": true, "label": null, "stockLimit": null, "__typename": "ProductAvailability"}, "sponsored": false, "auctionId": null, "link": "/producten/jumbo-zuurkool-wijn-500g-163475PAK", "retailSet": false, "prices": {"price": 99, "promoPrice": null, "pricePerUnit": {"price": 198, "unit": "kg", "__typename": "PricePerUnit"}, "__typename": "Price"}, "quantityDetails": {"maxAmount": 99, "minAmount": 1, "stepAmount": 1, "defaultAmount": 1, "__typename": "Quantity"}, "primaryBadge": [], "secondaryBadges": [], "badgeDescription": null, "customerAllergies": {"short": "", "__typename": "CustomerAllergies"}, "promotions": [], "surcharges": [], "__typename": "Product", "crossSells": [{"sku": "385711KGR", "__typename": "Product"}, {"sku": "396146POT", "__typename": "Product"}], "retailSetProducts": []}, {"id": "384957STK", "brand": "best Choice", "category": "Aardappelen, groente en fruit", "subtitle": null, "title": "Jumbo Mango XXL", "image": "https://retrieval.dam-lite.prod.aws.jumbo.com/fit-in/360x360/Products/18092023_1695045116713_1695045124873_5400279022867_1.png", "inAssortment": true, "availability": {"availability": "AVAILABLE", "isAvailable": true, "label": null, "stockLimit": null, "__typename": "ProductAvailability"}, "sponsored": false, "auctionId": null, "link": "/producten/jumbo-mango-xxl-384957STK", "retailSet": false, "prices": {"price": 269, "promoPrice": null, "pricePerUnit": {"price": 269, "unit": "pieces", "__typename": "PricePerUnit"}, "__typename": "Price"}, "quantityDetails": {"maxAmount": 99, "minAmount": 1, "stepAmount": 1, "defaultAmount": 1, "__typename": "Quantity"}, "primaryBadge": [], "secondaryBadges": [], "badgeDescription": null, "customerAllergies": {"short": "", "__typename": "CustomerAllergies"}, "promotions": [], "surcharges": [], "__typename": "Product", "crossSells": [], "retailSetProducts": []}, {"id": "577920BAK", "brand": "JUMBO", "category": "Verse maaltijden en gemak", "subtitle": "275 g", "title": "Jumbo Groene Salade Rauwkost 275g", "image": "https://retrieval.dam-lite.prod.aws.jumbo.com/fit-in/360x360/Products/09082023_1691594723247_1691594729659_87351422_1.png", "inAssortment": true, "availability": {"availability": "AVAILABLE", "isAvailable": true, "label": null, "stockLimit": null, "__typename": "ProductAvailability"}, "sponsored": false, "auctionId": null, "link": "/producten/jumbo-groene-salade-rauwkost-275g-577920BAK", "retailSet": false, "prices": {"price": 229, "promoPrice": null, "pricePerUnit": {"price": 833, "unit": "kg", "__typename": "PricePerUnit"}, "__typename": "Price"}, "quantityDetails": {"maxAmount": 99, "minAmount": 1, "stepAmount": 1, "defaultAmount": 1, "__typename": "Quantity"}, "primaryBadge": [], "secondaryBadges": [{"alt": "THT logo", "image": "/INTERSHOP/static/WFS/Jumbo-Site/Grocery/Jumbo-Grocery/nl_NL/PIMProductBadge/tht-2+.png", "__typename": "Badge"}], "badgeDescription": "2+ dagen houdbaar", "customerAllergies": {"short": "", "__typename": "CustomerAllergies"}, "promotions": [], "surcharges": [], "__typename": "Product", "crossSells": [{"sku": "577908BAK", "__typename": "Product"}, {"sku": "578001ZK", "__typename": "Product"}, {"sku": "577945BAK", "__typename": "Product"}], "retailSetProducts": []}, {"id": "554904FLS", "brand": null, "category": "Aardappelen, groente en fruit", "subtitle": "250 ml", "title": "Fruity King Smoothie Aardbeien Appel Banaan 250ml", "image": "https://retrieval.dam-lite.prod.aws.jumbo.com/fit-in/360x360/Products/554904_4006220017725_1_T1_153516STK1691065138469.png", "inAssortment": true, "availability": {"availability": "AVAILABLE", "isAvailable": true, "label": null, "stockLimit": null, "__typename": "ProductAvailability"}, "sponsored": false, "auctionId": null, "link": "/producten/fruity-king-smoothie-aardbeien-appel-banaan-250ml-554904FLS", "retailSet": false, "prices": {"price": 89, "promoPrice": null, "pricePerUnit": {"price": 356, "unit": "l", "__typename": "PricePerUnit"}, "__typename": "Price"}, "quantityDetails": {"maxAmount": 99, "minAmount": 1, "stepAmount": 1, "defaultAmount": 1, "__typename": "Quantity"}, "primaryBadge": [], "secondaryBadges": [{"alt": "THT logo", "image": "/INTERSHOP/static/WFS/Jumbo-Site/Grocery/Jumbo-Grocery/nl_NL/PIMProductBadge/tht-9+.png", "__typename": "Badge"}], "badgeDescription": "9+ dagen houdbaar", "customerAllergies": {"short": "", "__typename": "CustomerAllergies"}, "promotions": [], "surcharges": [], "__typename": "Product", "crossSells": [], "retailSetProducts": []}, {"id": "302232BAK", "brand": "Jumbo", "category": "Aardappelen, groente en fruit", "subtitle": "250 G", "title": "Jumbo Cherry Tomaten 250g", "image": "https://retrieval.dam-lite.prod.aws.jumbo.com/fit-in/360x360/Products/09082023_1691581024663_1691581047857_8711715882806_1.png", "inAssortment": true, "availability": {"availability": "AVAILABLE", "isAvailable": true, "label": null, "stockLimit": null, "__typename": "ProductAvailability"}, "sponsored": false, "auctionId": null, "link": "/producten/jumbo-cherry-tomaten-250g-302232BAK", "retailSet": false, "prices": {"price": 109, "promoPrice": null, "pricePerUnit": {"price": 436, "unit": "kg", "__typename": "PricePerUnit"}, "__typename": "Price"}, "quantityDetails": {"maxAmount": 99, "minAmount": 1, "stepAmount": 1, "defaultAmount": 1, "__typename": "Quantity"}, "primaryBadge": [], "secondaryBadges": [], "badgeDescription": null, "customerAllergies": {"short": "", "__typename": "CustomerAllergies"}, "promotions": [], "surcharges": [], "__typename": "Product", "crossSells": [], "retailSetProducts": []}, {"id": "532147FLS", "brand": "JUMBO", "category": "Aardappelen, groente en fruit", "subtitle": "250 ml", "title": "Jumbo Verse Ontbijt Smoothie Haver, Yoghurt & Framboos 250ML", "image": "https://retrieval.dam-lite.prod.aws.jumbo.com/fit-in/360x360/Products/532147_8718452668892_1_T1_382895FLS1691077734297.png", "inAssortment": true, "availability": {"availability": "AVAILABLE", "isAvailable": true, "label": null, "stockLimit": null, "__typename": "ProductAvailability"}, "sponsored": false, "auctionId": null, "link": "/producten/jumbo-verse-ontbijt-smoothie-haver-yoghurt-framboos-250ml-532147FLS", "retailSet": false, "prices": {"price": 199, "promoPrice": null, "pricePerUnit": {"price": 796, "unit": "l", "__typename": "PricePerUnit"}, "__typename": "Price"}, "quantityDetails": {"maxAmount": 99, "minAmount": 1, "stepAmount": 1, "defaultAmount": 1, "__typename": "Quantity"}, "primaryBadge": [], "secondaryBadges": [{"alt": "THT logo", "image": "/INTERSHOP/static/WFS/Jumbo-Site/Grocery/Jumbo-Grocery/nl_NL/PIMProductBadge/tht-10+.png", "__typename": "Badge"}], "badgeDescription": "10+ dagen houdbaar", "customerAllergies": {"short": "", "__typename": "CustomerAllergies"}, "promotions": [], "surcharges": [], "__typename": "Product", "crossSells": [], "retailSetProducts": []}, {"id": "531821FLS", "brand": "JUMBO", "category": "Frisdrank en sappen", "subtitle": "250 ml", "title": "Jumbo Vers Sap Appel, Citroen & Gember 250ML", "image": "https://retrieval.dam-lite.prod.aws.jumbo.com/fit-in/360x360/Products/531821_8718452668991_1_T1_489666FLS1691077616541.png", "inAssortment": true, "availability": {"availability": "AVAILABLE", "isAvailable": true, "label": null, "stockLimit": null, "__typename": "ProductAvailability"}, "sponsored": false, "auctionId": null, "link": "/producten/jumbo-vers-sap-appel-citroen-gember-250ml-531821FLS", "retailSet": false, "prices": {"price": 189, "promoPrice": null, "pricePerUnit": {"price": 756, "unit": "l", "__typename": "PricePerUnit"}, "__typename": "Price"}, "quantityDetails": {"maxAmount": 99, "minAmount": 1, "stepAmount": 1, "defaultAmount": 1, "__typename": "Quantity"}, "primaryBadge": [], "secondaryBadges": [{"alt": "THT logo", "image": "/INTERSHOP/static/WFS/Jumbo-Site/Grocery/Jumbo-Grocery/nl_NL/PIMProductBadge/tht-10+.png", "__typename": "Badge"}], "badgeDescription": "10+ dagen houdbaar", "customerAllergies": {"short": "", "__typename": "CustomerAllergies"}, "promotions": [], "surcharges": [], "__typename": "Product", "crossSells": [], "retailSetProducts": []}, {"id": "561224CUP", "brand": "KRAMER", "category": "Aardappelen, groente en fruit", "subtitle": "300 g", "title": "Kramer Atjar Indonesische Stijl 300g", "image": "https://retrieval.dam-lite.prod.aws.jumbo.com/fit-in/360x360/Products/09082023_1691593458337_1691593467027_8710488669003_1.png", "inAssortment": true, "availability": {"availability": "AVAILABLE", "isAvailable": true, "label": null, "stockLimit": null, "__typename": "ProductAvailability"}, "sponsored": false, "auctionId": null, "link": "/producten/kramer-atjar-indonesische-stijl-300g-561224CUP", "retailSet": false, "prices": {"price": 179, "promoPrice": null, "pricePerUnit": {"price": 597, "unit": "kg", "__typename": "PricePerUnit"}, "__typename": "Price"}, "quantityDetails": {"maxAmount": 99, "minAmount": 1, "stepAmount": 1, "defaultAmount": 1, "__typename": "Quantity"}, "primaryBadge": [], "secondaryBadges": [], "badgeDescription": null, "customerAllergies": {"short": "", "__typename": "CustomerAllergies"}, "promotions": [], "surcharges": [], "__typename": "Product", "crossSells": [], "retailSetProducts": []}, {"id": "329563ZK", "brand": "Jumbo", "category": "Aardappelen, groente en fruit", "subtitle": "400 g", "title": "Jumbo Verse Zoete Aardappelfriet 400g", "image": "https://retrieval.dam-lite.prod.aws.jumbo.com/fit-in/360x360/Products/09082023_1691585360699_1691585370420_8718452310272_1.png", "inAssortment": true, "availability": {"availability": "AVAILABLE", "isAvailable": true, "label": null, "stockLimit": null, "__typename": "ProductAvailability"}, "sponsored": false, "auctionId": null, "link": "/producten/jumbo-verse-zoete-aardappelfriet-400g-329563ZK", "retailSet": false, "prices": {"price": 269, "promoPrice": null, "pricePerUnit": {"price": 673, "unit": "kg", "__typename": "PricePerUnit"}, "__typename": "Price"}, "quantityDetails": {"maxAmount": 99, "minAmount": 1, "stepAmount": 1, "defaultAmount": 1, "__typename": "Quantity"}, "primaryBadge": [], "secondaryBadges": [{"alt": "THT logo", "image": "/INTERSHOP/static/WFS/Jumbo-Site/Grocery/Jumbo-Grocery/nl_NL/PIMProductBadge/tht-2+.png", "__typename": "Badge"}], "badgeDescription": "2+ dagen houdbaar", "customerAllergies": {"short": "", "__typename": "CustomerAllergies"}, "promotions": [], "surcharges": [], "__typename": "Product", "crossSells": [], "retailSetProducts": []}, {"id": "415063BAK", "brand": "Jumbo", "category": "Wereldkeukens, kruiden, pasta en rijst", "subtitle": "15 G", "title": "Jumbo Dille Vers 15g", "image": "https://retrieval.dam-lite.prod.aws.jumbo.com/fit-in/360x360/Products/09082023_1691584973283_1691584989299_8718452299836_1.png", "inAssortment": true, "availability": {"availability": "AVAILABLE", "isAvailable": true, "label": null, "stockLimit": null, "__typename": "ProductAvailability"}, "sponsored": false, "auctionId": null, "link": "/producten/jumbo-dille-vers-15g-415063BAK", "retailSet": false, "prices": {"price": 119, "promoPrice": null, "pricePerUnit": {"price": 7933, "unit": "kg", "__typename": "PricePerUnit"}, "__typename": "Price"}, "quantityDetails": {"maxAmount": 99, "minAmount": 1, "stepAmount": 1, "defaultAmount": 1, "__typename": "Quantity"}, "primaryBadge": [], "secondaryBadges": [{"alt": "THT logo", "image": "/INTERSHOP/static/WFS/Jumbo-Site/Grocery/Jumbo-Grocery/nl_NL/PIMProductBadge/tht-2+.png", "__typename": "Badge"}], "badgeDescription": "2+ dagen houdbaar", "customerAllergies": {"short": "", "__typename": "CustomerAllergies"}, "promotions": [], "surcharges": [], "__typename": "Product", "crossSells": [], "retailSetProducts": []}, {"id": "439104ZK", "brand": "JUMBO", "category": "Diepvries", "subtitle": "750 g", "title": "Jumbo Gehakte Spinazie 750g", "image": "https://retrieval.dam-lite.prod.aws.jumbo.com/fit-in/360x360/Products/18092023_1695062995563_1695063002102_8718452722648_1.png", "inAssortment": true, "availability": {"availability": "AVAILABLE", "isAvailable": true, "label": null, "stockLimit": null, "__typename": "ProductAvailability"}, "sponsored": false, "auctionId": null, "link": "/producten/jumbo-gehakte-spinazie-750g-439104ZK", "retailSet": false, "prices": {"price": 93, "promoPrice": null, "pricePerUnit": {"price": 124, "unit": "kg", "__typename": "PricePerUnit"}, "__typename": "Price"}, "quantityDetails": {"maxAmount": 99, "minAmount": 1, "stepAmount": 1, "defaultAmount": 1, "__typename": "Quantity"}, "primaryBadge": [], "secondaryBadges": [{"alt": "Vriesvers", "image": "/INTERSHOP/static/WFS/Jumbo-Site/Grocery/Jumbo-Grocery/nl_NL/PIMProductBadge/sticker-freeze-51x51.png", "__typename": "Badge"}], "badgeDescription": null, "customerAllergies": {"short": "", "__typename": "CustomerAllergies"}, "promotions": [], "surcharges": [], "__typename": "Product", "crossSells": [], "retailSetProducts": []}, {"id": "386858ZK", "brand": "JUMBO", "category": "Aardappelen, groente en fruit", "subtitle": "1 kg", "title": "Jumbo Biologisch Aardappelen Kruimig 1kg", "image": "https://retrieval.dam-lite.prod.aws.jumbo.com/fit-in/360x360/Products/386858_8718452513253_1_T1_386858ZK1691482123913.png", "inAssortment": true, "availability": {"availability": "AVAILABLE", "isAvailable": true, "label": null, "stockLimit": null, "__typename": "ProductAvailability"}, "sponsored": false, "auctionId": null, "link": "/producten/jumbo-biologisch-aardappelen-kruimig-1kg-386858ZK", "retailSet": false, "prices": {"price": 249, "promoPrice": null, "pricePerUnit": {"price": 249, "unit": "kg", "__typename": "PricePerUnit"}, "__typename": "Price"}, "quantityDetails": {"maxAmount": 99, "minAmount": 1, "stepAmount": 1, "defaultAmount": 1, "__typename": "Quantity"}, "primaryBadge": [], "secondaryBadges": [{"alt": "Van dichtbij", "image": "/INTERSHOP/static/WFS/Jumbo-Site/Grocery/Jumbo-Grocery/nl_NL/PIMProductBadge/van-dichtbij.png", "__typename": "Badge"}], "badgeDescription": null, "customerAllergies": {"short": "", "__typename": "CustomerAllergies"}, "promotions": [], "surcharges": [], "__typename": "Product", "crossSells": [], "retailSetProducts": []}, {"id": "391874ZK", "brand": "Jumbo", "category": "Aardappelen, groente en fruit", "subtitle": "425 g", "title": "Jumbo Mini Krieltjes Bistro 425g", "image": "https://retrieval.dam-lite.prod.aws.jumbo.com/fit-in/360x360/Products/09082023_1691585111245_1691585126766_8718452309115_1.png", "inAssortment": true, "availability": {"availability": "AVAILABLE", "isAvailable": true, "label": null, "stockLimit": null, "__typename": "ProductAvailability"}, "sponsored": false, "auctionId": null, "link": "/producten/jumbo-mini-krieltjes-bistro-425g-391874ZK", "retailSet": false, "prices": {"price": 103, "promoPrice": null, "pricePerUnit": {"price": 242, "unit": "kg", "__typename": "PricePerUnit"}, "__typename": "Price"}, "quantityDetails": {"maxAmount": 99, "minAmount": 1, "stepAmount": 1, "defaultAmount": 1, "__typename": "Quantity"}, "primaryBadge": [], "secondaryBadges": [{"alt": "THT logo", "image": "/INTERSHOP/static/WFS/Jumbo-Site/Grocery/Jumbo-Grocery/nl_NL/PIMProductBadge/tht-2+.png", "__typename": "Badge"}], "badgeDescription": "2+ dagen houdbaar", "customerAllergies": {"short": "", "__typename": "CustomerAllergies"}, "promotions": [], "surcharges": [], "__typename": "Product", "crossSells": [], "retailSetProducts": []}, {"id": "438327NET", "brand": "Jumbo", "category": "Aardappelen, groente en fruit", "subtitle": "2 stuks", "title": "Jumbo Uien 2 Stuks", "image": "https://retrieval.dam-lite.prod.aws.jumbo.com/fit-in/360x360/Products/09082023_1691585252854_1691585261371_8718452343355_1.png", "inAssortment": true, "availability": {"availability": "AVAILABLE", "isAvailable": true, "label": null, "stockLimit": null, "__typename": "ProductAvailability"}, "sponsored": false, "auctionId": null, "link": "/producten/jumbo-uien-2-stuks-438327NET", "retailSet": false, "prices": {"price": 99, "promoPrice": null, "pricePerUnit": {"price": 50, "unit": "pieces", "__typename": "PricePerUnit"}, "__typename": "Price"}, "quantityDetails": {"maxAmount": 99, "minAmount": 1, "stepAmount": 1, "defaultAmount": 1, "__typename": "Quantity"}, "primaryBadge": [], "secondaryBadges": [], "badgeDescription": null, "customerAllergies": {"short": "", "__typename": "CustomerAllergies"}, "promotions": [], "surcharges": [], "__typename": "Product", "crossSells": [], "retailSetProducts": []}, {"id": "542733ZK", "brand": "JUMBO", "category": "Aardappelen, groente en fruit", "subtitle": "400 g", "title": "Jumbo Biologische Witlof 400g", "image": "https://retrieval.dam-lite.prod.aws.jumbo.com/fit-in/360x360/Products/09082023_1691592270782_1691592289220_8718452717743_1.png", "inAssortment": true, "availability": {"availability": "AVAILABLE", "isAvailable": true, "label": null, "stockLimit": null, "__typename": "ProductAvailability"}, "sponsored": false, "auctionId": null, "link": "/producten/jumbo-biologische-witlof-400g-542733ZK", "retailSet": false, "prices": {"price": 215, "promoPrice": null, "pricePerUnit": {"price": 538, "unit": "kg", "__typename": "PricePerUnit"}, "__typename": "Price"}, "quantityDetails": {"maxAmount": 99, "minAmount": 1, "stepAmount": 1, "defaultAmount": 1, "__typename": "Quantity"}, "primaryBadge": [], "secondaryBadges": [{"alt": "NIEUW", "image": "/INTERSHOP/static/WFS/Jumbo-Site/Grocery/Jumbo-Grocery/nl_NL/PIMProductBadge/nieuw.png", "__typename": "Badge"}, {"alt": "Van dichtbij", "image": "/INTERSHOP/static/WFS/Jumbo-Site/Grocery/Jumbo-Grocery/nl_NL/PIMProductBadge/van-dichtbij.png", "__typename": "Badge"}], "badgeDescription": null, "customerAllergies": {"short": "", "__typename": "CustomerAllergies"}, "promotions": [], "surcharges": [], "__typename": "Product", "crossSells": [], "retailSetProducts": []}, {"id": "551854TRA", "brand": "JUMBO", "category": "Aardappelen, groente en fruit", "subtitle": "500 g", "title": "Jumbo Pofaardappel met Yoghurt-Knoflooksaus 500g", "image": "https://retrieval.dam-lite.prod.aws.jumbo.com/fit-in/360x360/Products/10082023_1691678617062_1691678623054_8718452698974_1.png", "inAssortment": true, "availability": {"availability": "AVAILABLE", "isAvailable": true, "label": null, "stockLimit": null, "__typename": "ProductAvailability"}, "sponsored": false, "auctionId": null, "link": "/producten/jumbo-pofaardappel-met-yoghurt-knoflooksaus-500g-551854TRA", "retailSet": false, "prices": {"price": 229, "promoPrice": null, "pricePerUnit": {"price": 458, "unit": "kg", "__typename": "PricePerUnit"}, "__typename": "Price"}, "quantityDetails": {"maxAmount": 99, "minAmount": 1, "stepAmount": 1, "defaultAmount": 1, "__typename": "Quantity"}, "primaryBadge": [], "secondaryBadges": [{"alt": "THT logo", "image": "/INTERSHOP/static/WFS/Jumbo-Site/Grocery/Jumbo-Grocery/nl_NL/PIMProductBadge/tht-9+.png", "__typename": "Badge"}], "badgeDescription": "9+ dagen houdbaar", "customerAllergies": {"short": "", "__typename": "CustomerAllergies"}, "promotions": [], "surcharges": [], "__typename": "Product", "crossSells": [], "retailSetProducts": []}, {"id": "570661ZK", "brand": "JUMBO", "category": "Aardappelen, groente en fruit", "subtitle": "600 g", "title": "Jumbo Geschrapte Wortelen 600g", "image": "https://retrieval.dam-lite.prod.aws.jumbo.com/fit-in/360x360/Products/09082023_1691595414723_1691595423188_8718452728596_1.png", "inAssortment": true, "availability": {"availability": "AVAILABLE", "isAvailable": true, "label": null, "stockLimit": null, "__typename": "ProductAvailability"}, "sponsored": false, "auctionId": null, "link": "/producten/jumbo-geschrapte-wortelen-600g-570661ZK", "retailSet": false, "prices": {"price": 181, "promoPrice": null, "pricePerUnit": {"price": 302, "unit": "kg", "__typename": "PricePerUnit"}, "__typename": "Price"}, "quantityDetails": {"maxAmount": 99, "minAmount": 1, "stepAmount": 1, "defaultAmount": 1, "__typename": "Quantity"}, "primaryBadge": [], "secondaryBadges": [{"alt": "THT logo", "image": "/INTERSHOP/static/WFS/Jumbo-Site/Grocery/Jumbo-Grocery/nl_NL/PIMProductBadge/tht-2+.png", "__typename": "Badge"}, {"alt": "Van dichtbij", "image": "/INTERSHOP/static/WFS/Jumbo-Site/Grocery/Jumbo-Grocery/nl_NL/PIMProductBadge/van-dichtbij.png", "__typename": "Badge"}], "badgeDescription": "2+ dagen houdbaar", "customerAllergies": {"short": "", "__typename": "CustomerAllergies"}, "promotions": [], "surcharges": [], "__typename": "Product", "crossSells": [], "retailSetProducts": []}, {"id": "577388DS", "brand": "Eurosalad", "category": "Aardappelen, groente en fruit", "subtitle": "200 gram", "title": "Eurosalad Salade van het Huis 200g", "image": "https://retrieval.dam-lite.prod.aws.jumbo.com/fit-in/360x360/Products/09082023_1691586885437_1691586894787_8718481863138_1.png", "inAssortment": true, "availability": {"availability": "AVAILABLE", "isAvailable": true, "label": null, "stockLimit": null, "__typename": "ProductAvailability"}, "sponsored": false, "auctionId": null, "link": "/producten/eurosalad-salade-van-het-huis-200g-577388DS", "retailSet": false, "prices": {"price": 299, "promoPrice": null, "pricePerUnit": {"price": 1495, "unit": "kg", "__typename": "PricePerUnit"}, "__typename": "Price"}, "quantityDetails": {"maxAmount": 99, "minAmount": 1, "stepAmount": 1, "defaultAmount": 1, "__typename": "Quantity"}, "primaryBadge": [], "secondaryBadges": [{"alt": "THT logo", "image": "/INTERSHOP/static/WFS/Jumbo-Site/Grocery/Jumbo-Grocery/nl_NL/PIMProductBadge/tht-1+.png", "__typename": "Badge"}], "badgeDescription": "1+ dagen houdbaar", "customerAllergies": {"short": "", "__typename": "CustomerAllergies"}, "promotions": [], "surcharges": [], "__typename": "Product", "crossSells": [], "retailSetProducts": []}, {"id": "531745FLS", "brand": "JUMBO", "category": "Aardappelen, groente en fruit", "subtitle": "500 ml", "title": "Jumbo Verse Smoothie Yoghurt, Avocado, Peer & Aardbei 500ML", "image": "https://retrieval.dam-lite.prod.aws.jumbo.com/fit-in/360x360/Products/531745_8718452668939_1_T1_450264FLS1691077779724.png", "inAssortment": true, "availability": {"availability": "AVAILABLE", "isAvailable": true, "label": null, "stockLimit": null, "__typename": "ProductAvailability"}, "sponsored": false, "auctionId": null, "link": "/producten/jumbo-verse-smoothie-yoghurt-avocado-peer-aardbei-500ml-531745FLS", "retailSet": false, "prices": {"price": 249, "promoPrice": null, "pricePerUnit": {"price": 498, "unit": "l", "__typename": "PricePerUnit"}, "__typename": "Price"}, "quantityDetails": {"maxAmount": 99, "minAmount": 1, "stepAmount": 1, "defaultAmount": 1, "__typename": "Quantity"}, "primaryBadge": [], "secondaryBadges": [{"alt": "THT logo", "image": "/INTERSHOP/static/WFS/Jumbo-Site/Grocery/Jumbo-Grocery/nl_NL/PIMProductBadge/tht-10+.png", "__typename": "Badge"}], "badgeDescription": "10+ dagen houdbaar", "customerAllergies": {"short": "", "__typename": "CustomerAllergies"}, "promotions": [], "surcharges": [], "__typename": "Product", "crossSells": [], "retailSetProducts": []}, {"id": "221138STK", "brand": "Jumbo", "category": "Aardappelen, groente en fruit", "subtitle": null, "title": "Jumbo IJsbergsla", "image": "https://static-images.jumbo.com/product_images/140520191243_221138STK-1_360x360_2.png", "inAssortment": true, "availability": {"availability": "AVAILABLE", "isAvailable": true, "label": null, "stockLimit": null, "__typename": "ProductAvailability"}, "sponsored": false, "auctionId": null, "link": "/producten/jumbo-ijsbergsla-221138STK", "retailSet": false, "prices": {"price": 106, "promoPrice": null, "pricePerUnit": {"price": 106, "unit": "pieces", "__typename": "PricePerUnit"}, "__typename": "Price"}, "quantityDetails": {"maxAmount": 99, "minAmount": 1, "stepAmount": 1, "defaultAmount": 1, "__typename": "Quantity"}, "primaryBadge": [], "secondaryBadges": [], "badgeDescription": null, "customerAllergies": {"short": "", "__typename": "CustomerAllergies"}, "promotions": [], "surcharges": [], "__typename": "Product", "crossSells": [], "retailSetProducts": []}, {"id": "212157STK", "brand": "JUMBO", "category": "Aardappelen, groente en fruit", "subtitle": "400 g", "title": "Jumbo Bloemkool 400g", "image": "https://retrieval.dam-lite.prod.aws.jumbo.com/fit-in/360x360/Products/09082023_1691587283435_1691587289802_8718452303175_1.png", "inAssortment": true, "availability": {"availability": "AVAILABLE", "isAvailable": true, "label": null, "stockLimit": null, "__typename": "ProductAvailability"}, "sponsored": false, "auctionId": null, "link": "/producten/jumbo-bloemkool-400g-212157STK", "retailSet": false, "prices": {"price": 265, "promoPrice": null, "pricePerUnit": {"price": 663, "unit": "kg", "__typename": "PricePerUnit"}, "__typename": "Price"}, "quantityDetails": {"maxAmount": 99, "minAmount": 1, "stepAmount": 1, "defaultAmount": 1, "__typename": "Quantity"}, "primaryBadge": [], "secondaryBadges": [{"alt": "THT logo", "image": "/INTERSHOP/static/WFS/Jumbo-Site/Grocery/Jumbo-Grocery/nl_NL/PIMProductBadge/tht-2+.png", "__typename": "Badge"}], "badgeDescription": "2+ dagen houdbaar", "customerAllergies": {"short": "", "__typename": "CustomerAllergies"}, "promotions": [], "surcharges": [], "__typename": "Product", "crossSells": [], "retailSetProducts": []}, {"id": "454089NET", "brand": "JUMBO", "category": "Aardappelen, groente en fruit", "subtitle": "250 g", "title": "Jumbo Biologische Sjalotten 250g", "image": "https://retrieval.dam-lite.prod.aws.jumbo.com/fit-in/360x360/Products/09082023_1691589326873_1691589333212_8718452592685_1.png", "inAssortment": true, "availability": {"availability": "AVAILABLE", "isAvailable": true, "label": null, "stockLimit": null, "__typename": "ProductAvailability"}, "sponsored": false, "auctionId": null, "link": "/producten/jumbo-biologische-sjalotten-250g-454089NET", "retailSet": false, "prices": {"price": 139, "promoPrice": null, "pricePerUnit": {"price": 556, "unit": "kg", "__typename": "PricePerUnit"}, "__typename": "Price"}, "quantityDetails": {"maxAmount": 99, "minAmount": 1, "stepAmount": 1, "defaultAmount": 1, "__typename": "Quantity"}, "primaryBadge": [], "secondaryBadges": [{"alt": "Van dichtbij", "image": "/INTERSHOP/static/WFS/Jumbo-Site/Grocery/Jumbo-Grocery/nl_NL/PIMProductBadge/van-dichtbij.png", "__typename": "Badge"}], "badgeDescription": null, "customerAllergies": {"short": "", "__typename": "CustomerAllergies"}, "promotions": [], "surcharges": [], "__typename": "Product", "crossSells": [], "retailSetProducts": []}, {"id": "588519DS", "brand": "Jumbo", "category": "Aardappelen, groente en fruit", "subtitle": "40 G", "title": "Jumbo Selderij Vers 40g", "image": "https://retrieval.dam-lite.prod.aws.jumbo.com/fit-in/360x360/Products/271147STK1719213d0-acb8-41c4-a4a1-06c0addc8d66-1694159211231.png", "inAssortment": true, "availability": {"availability": "AVAILABLE", "isAvailable": true, "label": null, "stockLimit": null, "__typename": "ProductAvailability"}, "sponsored": false, "auctionId": null, "link": "/producten/jumbo-selderij-vers-40g-588519DS", "retailSet": false, "prices": {"price": 109, "promoPrice": null, "pricePerUnit": {"price": 2725, "unit": "kg", "__typename": "PricePerUnit"}, "__typename": "Price"}, "quantityDetails": {"maxAmount": 99, "minAmount": 1, "stepAmount": 1, "defaultAmount": 1, "__typename": "Quantity"}, "primaryBadge": [], "secondaryBadges": [{"alt": "THT logo", "image": "/INTERSHOP/static/WFS/Jumbo-Site/Grocery/Jumbo-Grocery/nl_NL/PIMProductBadge/tht-3+.png", "__typename": "Badge"}], "badgeDescription": "3+ dagen houdbaar", "customerAllergies": {"short": "", "__typename": "CustomerAllergies"}, "promotions": [], "surcharges": [], "__typename": "Product", "crossSells": [], "retailSetProducts": []}, {"id": "336298ZK", "brand": "JUMBO", "category": "Aardappelen, groente en fruit", "subtitle": "200 g", "title": "Jumbo Gemengde IJsbergsla 200g", "image": "https://retrieval.dam-lite.prod.aws.jumbo.com/fit-in/360x360/Products/29092023_1695996142411_1695996148377_8718452646371_1.png", "inAssortment": true, "availability": {"availability": "AVAILABLE", "isAvailable": true, "label": null, "stockLimit": null, "__typename": "ProductAvailability"}, "sponsored": false, "auctionId": null, "link": "/producten/jumbo-gemengde-ijsbergsla-200g-336298ZK", "retailSet": false, "prices": {"price": 132, "promoPrice": null, "pricePerUnit": {"price": 660, "unit": "kg", "__typename": "PricePerUnit"}, "__typename": "Price"}, "quantityDetails": {"maxAmount": 99, "minAmount": 1, "stepAmount": 1, "defaultAmount": 1, "__typename": "Quantity"}, "primaryBadge": [], "secondaryBadges": [{"alt": "THT logo", "image": "/INTERSHOP/static/WFS/Jumbo-Site/Grocery/Jumbo-Grocery/nl_NL/PIMProductBadge/tht-2+.png", "__typename": "Badge"}], "badgeDescription": "2+ dagen houdbaar", "customerAllergies": {"short": "", "__typename": "CustomerAllergies"}, "promotions": [], "surcharges": [], "__typename": "Product", "crossSells": [], "retailSetProducts": []}, {"id": "212173STK", "brand": null, "category": "Aardappelen, groente en fruit", "subtitle": "600 g", "title": "Jumbo Gewassen Spinazie 600g - Voordeelverpakking", "image": "https://retrieval.dam-lite.prod.aws.jumbo.com/fit-in/360x360/Products/09082023_1691587283365_1691587297920_8718452309870_1.png", "inAssortment": true, "availability": {"availability": "AVAILABLE", "isAvailable": true, "label": null, "stockLimit": null, "__typename": "ProductAvailability"}, "sponsored": false, "auctionId": null, "link": "/producten/jumbo-gewassen-spinazie-600g-voordeelverpakking-212173STK", "retailSet": false, "prices": {"price": 215, "promoPrice": null, "pricePerUnit": {"price": 358, "unit": "kg", "__typename": "PricePerUnit"}, "__typename": "Price"}, "quantityDetails": {"maxAmount": 99, "minAmount": 1, "stepAmount": 1, "defaultAmount": 1, "__typename": "Quantity"}, "primaryBadge": [], "secondaryBadges": [{"alt": "THT logo", "image": "/INTERSHOP/static/WFS/Jumbo-Site/Grocery/Jumbo-Grocery/nl_NL/PIMProductBadge/tht-2+.png", "__typename": "Badge"}], "badgeDescription": "2+ dagen houdbaar", "customerAllergies": {"short": "", "__typename": "CustomerAllergies"}, "promotions": [], "surcharges": [], "__typename": "Product", "crossSells": [], "retailSetProducts": []}, {"id": "212608STK", "brand": "Jumbo", "category": "Aardappelen, groente en fruit", "subtitle": "100 g", "title": "Jumbo IJsbergsla Fijngesneden 100 g - Kleinverpakking", "image": "https://retrieval.dam-lite.prod.aws.jumbo.com/fit-in/360x360/Products/09082023_1691585197118_1691585204890_8718452316120_1.png", "inAssortment": true, "availability": {"availability": "AVAILABLE", "isAvailable": true, "label": null, "stockLimit": null, "__typename": "ProductAvailability"}, "sponsored": false, "auctionId": null, "link": "/producten/jumbo-ijsbergsla-fijngesneden-100-g-kleinverpakking-212608STK", "retailSet": false, "prices": {"price": 89, "promoPrice": null, "pricePerUnit": {"price": 890, "unit": "kg", "__typename": "PricePerUnit"}, "__typename": "Price"}, "quantityDetails": {"maxAmount": 99, "minAmount": 1, "stepAmount": 1, "defaultAmount": 1, "__typename": "Quantity"}, "primaryBadge": [], "secondaryBadges": [{"alt": "THT logo", "image": "/INTERSHOP/static/WFS/Jumbo-Site/Grocery/Jumbo-Grocery/nl_NL/PIMProductBadge/tht-2+.png", "__typename": "Badge"}], "badgeDescription": "2+ dagen houdbaar", "customerAllergies": {"short": "", "__typename": "CustomerAllergies"}, "promotions": [], "surcharges": [], "__typename": "Product", "crossSells": [], "retailSetProducts": []}, {"id": "525046ZK", "brand": "JUMBO", "category": "Aardappelen, groente en fruit", "subtitle": "1,5 KILO", "title": "Jumbo Kleine Zoete Appeltjes Voordeelverpakking 1, 5kg", "image": "https://retrieval.dam-lite.prod.aws.jumbo.com/fit-in/360x360/Products/525046ZK-1692282810690.png", "inAssortment": true, "availability": {"availability": "AVAILABLE", "isAvailable": true, "label": null, "stockLimit": null, "__typename": "ProductAvailability"}, "sponsored": false, "auctionId": null, "link": "/producten/jumbo-kleine-zoete-appeltjes-voordeelverpakking-1,5kg-525046ZK", "retailSet": false, "prices": {"price": 449, "promoPrice": null, "pricePerUnit": {"price": 299, "unit": "kg", "__typename": "PricePerUnit"}, "__typename": "Price"}, "quantityDetails": {"maxAmount": 99, "minAmount": 1, "stepAmount": 1, "defaultAmount": 1, "__typename": "Quantity"}, "primaryBadge": [], "secondaryBadges": [{"alt": "Van dichtbij", "image": "/INTERSHOP/static/WFS/Jumbo-Site/Grocery/Jumbo-Grocery/nl_NL/PIMProductBadge/van-dichtbij.png", "__typename": "Badge"}], "badgeDescription": null, "customerAllergies": {"short": "", "__typename": "CustomerAllergies"}, "promotions": [], "surcharges": [], "__typename": "Product", "crossSells": [], "retailSetProducts": []}, {"id": "462773PAK", "brand": "Jumbo", "category": "Aardappelen, groente en fruit", "subtitle": "2 stuks", "title": "Jumbo Portobello 2 Stuks", "image": "https://retrieval.dam-lite.prod.aws.jumbo.com/fit-in/360x360/Products/18092023_1695034403042_1695034410616_8718452323159_1.png", "inAssortment": true, "availability": {"availability": "AVAILABLE", "isAvailable": true, "label": null, "stockLimit": null, "__typename": "ProductAvailability"}, "sponsored": false, "auctionId": null, "link": "/producten/jumbo-portobello-2-stuks-462773PAK", "retailSet": false, "prices": {"price": 199, "promoPrice": null, "pricePerUnit": {"price": 100, "unit": "pieces", "__typename": "PricePerUnit"}, "__typename": "Price"}, "quantityDetails": {"maxAmount": 99, "minAmount": 1, "stepAmount": 1, "defaultAmount": 1, "__typename": "Quantity"}, "primaryBadge": [], "secondaryBadges": [{"alt": "THT logo", "image": "/INTERSHOP/static/WFS/Jumbo-Site/Grocery/Jumbo-Grocery/nl_NL/PIMProductBadge/tht-2+.png", "__typename": "Badge"}, {"alt": "Van dichtbij", "image": "/INTERSHOP/static/WFS/Jumbo-Site/Grocery/Jumbo-Grocery/nl_NL/PIMProductBadge/van-dichtbij.png", "__typename": "Badge"}], "badgeDescription": "2+ dagen houdbaar", "customerAllergies": {"short": "", "__typename": "CustomerAllergies"}, "promotions": [], "surcharges": [], "__typename": "Product", "crossSells": [], "retailSetProducts": []}, {"id": "194939STK", "brand": "JUMBO", "category": "Aardappelen, groente en fruit", "subtitle": "375 g", "title": "Jumbo Biologisch Voorgekookte Suikerma\u00efs 2 Stuks", "image": "https://retrieval.dam-lite.prod.aws.jumbo.com/fit-in/360x360/Products/18092023_1695063186849_1695063190920_8718452107650_1.png", "inAssortment": true, "availability": {"availability": "AVAILABLE", "isAvailable": true, "label": null, "stockLimit": null, "__typename": "ProductAvailability"}, "sponsored": false, "auctionId": null, "link": "/producten/jumbo-biologisch-voorgekookte-suikermais-2-stuks-194939STK", "retailSet": false, "prices": {"price": 249, "promoPrice": null, "pricePerUnit": {"price": 125, "unit": "pieces", "__typename": "PricePerUnit"}, "__typename": "Price"}, "quantityDetails": {"maxAmount": 99, "minAmount": 1, "stepAmount": 1, "defaultAmount": 1, "__typename": "Quantity"}, "primaryBadge": [], "secondaryBadges": [], "badgeDescription": null, "customerAllergies": {"short": "", "__typename": "CustomerAllergies"}, "promotions": [], "surcharges": [], "__typename": "Product", "crossSells": [], "retailSetProducts": []}, {"id": "578139BAK", "brand": "JUMBO", "category": "Aardappelen, groente en fruit", "subtitle": "295 g", "title": "Jumbo Groene Salade Boeren 295g", "image": "https://retrieval.dam-lite.prod.aws.jumbo.com/fit-in/360x360/Products/29092023_1695995422167_1695995428471_8718452565306_1.png", "inAssortment": true, "availability": {"availability": "AVAILABLE", "isAvailable": true, "label": null, "stockLimit": null, "__typename": "ProductAvailability"}, "sponsored": false, "auctionId": null, "link": "/producten/jumbo-groene-salade-boeren-295g-578139BAK", "retailSet": false, "prices": {"price": 389, "promoPrice": null, "pricePerUnit": {"price": 1319, "unit": "kg", "__typename": "PricePerUnit"}, "__typename": "Price"}, "quantityDetails": {"maxAmount": 99, "minAmount": 1, "stepAmount": 1, "defaultAmount": 1, "__typename": "Quantity"}, "primaryBadge": [], "secondaryBadges": [{"alt": "THT logo", "image": "/INTERSHOP/static/WFS/Jumbo-Site/Grocery/Jumbo-Grocery/nl_NL/PIMProductBadge/tht-1+.png", "__typename": "Badge"}], "badgeDescription": "1+ dagen houdbaar", "customerAllergies": {"short": "", "__typename": "CustomerAllergies"}, "promotions": [], "surcharges": [], "__typename": "Product", "crossSells": [{"sku": "577909BAK", "__typename": "Product"}, {"sku": "577921BAK", "__typename": "Product"}, {"sku": "577904BAK", "__typename": "Product"}, {"sku": "577908BAK", "__typename": "Product"}, {"sku": "577920BAK", "__typename": "Product"}], "retailSetProducts": []}, {"id": "159429STK", "brand": "Jumbo", "category": "Aardappelen, groente en fruit", "subtitle": null, "title": "Jumbo Komkommer Biologisch", "image": "https://retrieval.dam-lite.prod.aws.jumbo.com/fit-in/360x360/Products/18092023_1695027880403_1695027884051_8718452107551_1.png", "inAssortment": true, "availability": {"availability": "AVAILABLE", "isAvailable": true, "label": null, "stockLimit": null, "__typename": "ProductAvailability"}, "sponsored": false, "auctionId": null, "link": "/producten/jumbo-komkommer-biologisch-159429STK", "retailSet": false, "prices": {"price": 149, "promoPrice": null, "pricePerUnit": {"price": 149, "unit": "pieces", "__typename": "PricePerUnit"}, "__typename": "Price"}, "quantityDetails": {"maxAmount": 99, "minAmount": 1, "stepAmount": 1, "defaultAmount": 1, "__typename": "Quantity"}, "primaryBadge": [], "secondaryBadges": [], "badgeDescription": null, "customerAllergies": {"short": "", "__typename": "CustomerAllergies"}, "promotions": [], "surcharges": [], "__typename": "Product", "crossSells": [{"sku": "450554ZK", "__typename": "Product"}], "retailSetProducts": []}, {"id": "591321ZK", "brand": "Jumbo", "category": "Aardappelen, groente en fruit", "subtitle": "250 g", "title": "Jumbo Fijne Soepgroente 250g", "image": "https://retrieval.dam-lite.prod.aws.jumbo.com/fit-in/360x360/Products/208512ZK1f541d4d4-cfce-43d7-86e7-3d1cd46c8896-1695306997562.png", "inAssortment": true, "availability": {"availability": "AVAILABLE", "isAvailable": true, "label": null, "stockLimit": null, "__typename": "ProductAvailability"}, "sponsored": false, "auctionId": null, "link": "/producten/jumbo-fijne-soepgroente-250g-591321ZK", "retailSet": false, "prices": {"price": 125, "promoPrice": null, "pricePerUnit": {"price": 500, "unit": "kg", "__typename": "PricePerUnit"}, "__typename": "Price"}, "quantityDetails": {"maxAmount": 99, "minAmount": 1, "stepAmount": 1, "defaultAmount": 1, "__typename": "Quantity"}, "primaryBadge": [], "secondaryBadges": [{"alt": "THT logo", "image": "/INTERSHOP/static/WFS/Jumbo-Site/Grocery/Jumbo-Grocery/nl_NL/PIMProductBadge/tht-1+.png", "__typename": "Badge"}], "badgeDescription": "1+ dagen houdbaar", "customerAllergies": {"short": "", "__typename": "CustomerAllergies"}, "promotions": [], "surcharges": [], "__typename": "Product", "crossSells": [], "retailSetProducts": []}, {"id": "237867ZK", "brand": "Jumbo", "category": "Aardappelen, groente en fruit", "subtitle": "250 g", "title": "Jumbo Chinese Roerbakmix 250 g - Kleinverpakking", "image": "https://retrieval.dam-lite.prod.aws.jumbo.com/fit-in/360x360/Products/09082023_1691585110899_1691585123965_8718452311606_1.png", "inAssortment": true, "availability": {"availability": "AVAILABLE", "isAvailable": true, "label": null, "stockLimit": null, "__typename": "ProductAvailability"}, "sponsored": false, "auctionId": null, "link": "/producten/jumbo-chinese-roerbakmix-250-g-kleinverpakking-237867ZK", "retailSet": false, "prices": {"price": 189, "promoPrice": null, "pricePerUnit": {"price": 756, "unit": "kg", "__typename": "PricePerUnit"}, "__typename": "Price"}, "quantityDetails": {"maxAmount": 99, "minAmount": 1, "stepAmount": 1, "defaultAmount": 1, "__typename": "Quantity"}, "primaryBadge": [], "secondaryBadges": [{"alt": "THT logo", "image": "/INTERSHOP/static/WFS/Jumbo-Site/Grocery/Jumbo-Grocery/nl_NL/PIMProductBadge/tht-2+.png", "__typename": "Badge"}], "badgeDescription": "2+ dagen houdbaar", "customerAllergies": {"short": "", "__typename": "CustomerAllergies"}, "promotions": [], "surcharges": [], "__typename": "Product", "crossSells": [], "retailSetProducts": []}, {"id": "177705PAK", "brand": "Jumbo", "category": "Aardappelen, groente en fruit", "subtitle": "520 g", "title": "Jumbo Zuurkool Naturel Biologisch 520g", "image": "https://retrieval.dam-lite.prod.aws.jumbo.com/fit-in/360x360/Products/177705_8718452169405_1_T1_177705PAK1691310411253.png", "inAssortment": true, "availability": {"availability": "AVAILABLE", "isAvailable": true, "label": null, "stockLimit": null, "__typename": "ProductAvailability"}, "sponsored": false, "auctionId": null, "link": "/producten/jumbo-zuurkool-naturel-biologisch-520g-177705PAK", "retailSet": false, "prices": {"price": 109, "promoPrice": null, "pricePerUnit": {"price": 218, "unit": "kg", "__typename": "PricePerUnit"}, "__typename": "Price"}, "quantityDetails": {"maxAmount": 99, "minAmount": 1, "stepAmount": 1, "defaultAmount": 1, "__typename": "Quantity"}, "primaryBadge": [], "secondaryBadges": [{"alt": "Van dichtbij", "image": "/INTERSHOP/static/WFS/Jumbo-Site/Grocery/Jumbo-Grocery/nl_NL/PIMProductBadge/van-dichtbij.png", "__typename": "Badge"}], "badgeDescription": null, "customerAllergies": {"short": "", "__typename": "CustomerAllergies"}, "promotions": [], "surcharges": [], "__typename": "Product", "crossSells": [], "retailSetProducts": []}, {"id": "190969ZK", "brand": "Jumbo", "category": "Aardappelen, groente en fruit", "subtitle": "1 KG", "title": "Jumbo Biologische Appels 1kg", "image": "https://retrieval.dam-lite.prod.aws.jumbo.com/fit-in/360x360/Products/09082023_1691590669432_1691590683076_8718452155408_1.png", "inAssortment": true, "availability": {"availability": "AVAILABLE", "isAvailable": true, "label": null, "stockLimit": null, "__typename": "ProductAvailability"}, "sponsored": false, "auctionId": null, "link": "/producten/jumbo-biologische-appels-1kg-190969ZK", "retailSet": false, "prices": {"price": 299, "promoPrice": null, "pricePerUnit": {"price": 299, "unit": "kg", "__typename": "PricePerUnit"}, "__typename": "Price"}, "quantityDetails": {"maxAmount": 99, "minAmount": 1, "stepAmount": 1, "defaultAmount": 1, "__typename": "Quantity"}, "primaryBadge": [], "secondaryBadges": [{"alt": "Van dichtbij", "image": "/INTERSHOP/static/WFS/Jumbo-Site/Grocery/Jumbo-Grocery/nl_NL/PIMProductBadge/van-dichtbij.png", "__typename": "Badge"}], "badgeDescription": null, "customerAllergies": {"short": "", "__typename": "CustomerAllergies"}, "promotions": [], "surcharges": [], "__typename": "Product", "crossSells": [{"sku": "226925ZK", "__typename": "Product"}, {"sku": "483731ZK", "__typename": "Product"}], "retailSetProducts": []}, {"id": "577971BAK", "brand": "JUMBO", "category": "Aardappelen, groente en fruit", "subtitle": "175 g", "title": "Jumbo Sojaboontjes 175g", "image": "https://retrieval.dam-lite.prod.aws.jumbo.com/fit-in/360x360/Products/09082023_1691588690723_1691588706941_87352115_1.png", "inAssortment": true, "availability": {"availability": "AVAILABLE", "isAvailable": true, "label": null, "stockLimit": null, "__typename": "ProductAvailability"}, "sponsored": false, "auctionId": null, "link": "/producten/jumbo-sojaboontjes-175g-577971BAK", "retailSet": false, "prices": {"price": 291, "promoPrice": null, "pricePerUnit": {"price": 1663, "unit": "kg", "__typename": "PricePerUnit"}, "__typename": "Price"}, "quantityDetails": {"maxAmount": 99, "minAmount": 1, "stepAmount": 1, "defaultAmount": 1, "__typename": "Quantity"}, "primaryBadge": [], "secondaryBadges": [{"alt": "THT logo", "image": "/INTERSHOP/static/WFS/Jumbo-Site/Grocery/Jumbo-Grocery/nl_NL/PIMProductBadge/tht-1+.png", "__typename": "Badge"}], "badgeDescription": "1+ dagen houdbaar", "customerAllergies": {"short": "", "__typename": "CustomerAllergies"}, "promotions": [], "surcharges": [], "__typename": "Product", "crossSells": [{"sku": "457398DS", "__typename": "Product"}], "retailSetProducts": []}, {"id": "501895ZK", "brand": "JUMBO", "category": "Koek, snoep, chocolade en chips", "subtitle": "110 g", "title": "Jumbo Biologisch Ongebrande Walnoten 110g", "image": "https://retrieval.dam-lite.prod.aws.jumbo.com/fit-in/360x360/Products/09082023_1691590100145_1691590186009_8718452633562_1.png", "inAssortment": true, "availability": {"availability": "AVAILABLE", "isAvailable": true, "label": null, "stockLimit": null, "__typename": "ProductAvailability"}, "sponsored": false, "auctionId": null, "link": "/producten/jumbo-biologisch-ongebrande-walnoten-110g-501895ZK", "retailSet": false, "prices": {"price": 256, "promoPrice": null, "pricePerUnit": {"price": 2327, "unit": "kg", "__typename": "PricePerUnit"}, "__typename": "Price"}, "quantityDetails": {"maxAmount": 99, "minAmount": 1, "stepAmount": 1, "defaultAmount": 1, "__typename": "Quantity"}, "primaryBadge": [], "secondaryBadges": [], "badgeDescription": null, "customerAllergies": {"short": "", "__typename": "CustomerAllergies"}, "promotions": [], "surcharges": [], "__typename": "Product", "crossSells": [], "retailSetProducts": []}, {"id": "547255FLS", "brand": "JUMBO", "category": "Frisdrank en sappen", "subtitle": "125 ml", "title": "Jumbo Groenteshot Wortel Pompoen Mango Pastinaak 125ML", "image": "https://retrieval.dam-lite.prod.aws.jumbo.com/fit-in/360x360/Products/547255_8718452712359_1_T1_385897FLS1691076665251.png", "inAssortment": true, "availability": {"availability": "AVAILABLE", "isAvailable": true, "label": null, "stockLimit": null, "__typename": "ProductAvailability"}, "sponsored": false, "auctionId": null, "link": "/producten/jumbo-groenteshot-wortel-pompoen-mango-pastinaak-125ml-547255FLS", "retailSet": false, "prices": {"price": 100, "promoPrice": null, "pricePerUnit": {"price": 800, "unit": "l", "__typename": "PricePerUnit"}, "__typename": "Price"}, "quantityDetails": {"maxAmount": 99, "minAmount": 1, "stepAmount": 1, "defaultAmount": 1, "__typename": "Quantity"}, "primaryBadge": [], "secondaryBadges": [{"alt": "THT logo", "image": "/INTERSHOP/static/WFS/Jumbo-Site/Grocery/Jumbo-Grocery/nl_NL/PIMProductBadge/tht-10+.png", "__typename": "Badge"}], "badgeDescription": "10+ dagen houdbaar", "customerAllergies": {"short": "", "__typename": "CustomerAllergies"}, "promotions": [], "surcharges": [], "__typename": "Product", "crossSells": [], "retailSetProducts": []}, {"id": "329575ZK", "brand": "JUMBO", "category": "Aardappelen, groente en fruit", "subtitle": "400 g", "title": "Jumbo Prei 400g", "image": "https://retrieval.dam-lite.prod.aws.jumbo.com/fit-in/360x360/Products/09082023_1691587247790_1691587254231_8718452309887_1.png", "inAssortment": true, "availability": {"availability": "AVAILABLE", "isAvailable": true, "label": null, "stockLimit": null, "__typename": "ProductAvailability"}, "sponsored": false, "auctionId": null, "link": "/producten/jumbo-prei-400g-329575ZK", "retailSet": false, "prices": {"price": 215, "promoPrice": null, "pricePerUnit": {"price": 538, "unit": "kg", "__typename": "PricePerUnit"}, "__typename": "Price"}, "quantityDetails": {"maxAmount": 99, "minAmount": 1, "stepAmount": 1, "defaultAmount": 1, "__typename": "Quantity"}, "primaryBadge": [], "secondaryBadges": [{"alt": "THT logo", "image": "/INTERSHOP/static/WFS/Jumbo-Site/Grocery/Jumbo-Grocery/nl_NL/PIMProductBadge/tht-2+.png", "__typename": "Badge"}, {"alt": "Van dichtbij", "image": "/INTERSHOP/static/WFS/Jumbo-Site/Grocery/Jumbo-Grocery/nl_NL/PIMProductBadge/van-dichtbij.png", "__typename": "Badge"}], "badgeDescription": "2+ dagen houdbaar", "customerAllergies": {"short": "", "__typename": "CustomerAllergies"}, "promotions": [], "surcharges": [], "__typename": "Product", "crossSells": [], "retailSetProducts": []}, {"id": "40491STK", "brand": "Galia", "category": "Aardappelen, groente en fruit", "subtitle": null, "title": "Jumbo Cantaloupe Meloen 1 Stuk", "image": "https://retrieval.dam-lite.prod.aws.jumbo.com/fit-in/360x360/Products/18092023_1695031145898_1695031157464_25003161_1.png", "inAssortment": true, "availability": {"availability": "AVAILABLE", "isAvailable": true, "label": null, "stockLimit": null, "__typename": "ProductAvailability"}, "sponsored": false, "auctionId": null, "link": "/producten/jumbo-cantaloupe-meloen-1-stuk-40491STK", "retailSet": false, "prices": {"price": 269, "promoPrice": null, "pricePerUnit": {"price": 269, "unit": "pieces", "__typename": "PricePerUnit"}, "__typename": "Price"}, "quantityDetails": {"maxAmount": 99, "minAmount": 1, "stepAmount": 1, "defaultAmount": 1, "__typename": "Quantity"}, "primaryBadge": [], "secondaryBadges": [], "badgeDescription": null, "customerAllergies": {"short": "", "__typename": "CustomerAllergies"}, "promotions": [], "surcharges": [], "__typename": "Product", "crossSells": [], "retailSetProducts": []}, {"id": "285595STK", "brand": "JUMBO", "category": "Aardappelen, groente en fruit", "subtitle": null, "title": "Jumbo Bleekselderij", "image": "https://retrieval.dam-lite.prod.aws.jumbo.com/fit-in/360x360/Products/29092023_1695994884162_1695994891670_8711715882202_1.png", "inAssortment": true, "availability": {"availability": "AVAILABLE", "isAvailable": true, "label": null, "stockLimit": null, "__typename": "ProductAvailability"}, "sponsored": false, "auctionId": null, "link": "/producten/jumbo-bleekselderij-285595STK", "retailSet": false, "prices": {"price": 183, "promoPrice": null, "pricePerUnit": {"price": 183, "unit": "pieces", "__typename": "PricePerUnit"}, "__typename": "Price"}, "quantityDetails": {"maxAmount": 99, "minAmount": 1, "stepAmount": 1, "defaultAmount": 1, "__typename": "Quantity"}, "primaryBadge": [], "secondaryBadges": [{"alt": "Van dichtbij", "image": "/INTERSHOP/static/WFS/Jumbo-Site/Grocery/Jumbo-Grocery/nl_NL/PIMProductBadge/van-dichtbij.png", "__typename": "Badge"}], "badgeDescription": null, "customerAllergies": {"short": "", "__typename": "CustomerAllergies"}, "promotions": [], "surcharges": [], "__typename": "Product", "crossSells": [], "retailSetProducts": []}, {"id": "576078ZK", "brand": "JUMBO", "category": "Aardappelen, groente en fruit", "subtitle": "400 g", "title": "Jumbo Winterse Groentemix met Wortel, Koolraap, Knolselderij, Gele Biet en Pastinaak 400g", "image": "https://retrieval.dam-lite.prod.aws.jumbo.com/fit-in/360x360/Products/05092023_1693928047319_1693928058192_8718452758203_1.png", "inAssortment": true, "availability": {"availability": "AVAILABLE", "isAvailable": true, "label": null, "stockLimit": null, "__typename": "ProductAvailability"}, "sponsored": false, "auctionId": null, "link": "/producten/jumbo-winterse-groentemix-met-wortel-koolraap-knolselderij-gele-biet-en-pastinaak-400g-576078ZK", "retailSet": false, "prices": {"price": 249, "promoPrice": null, "pricePerUnit": {"price": 623, "unit": "kg", "__typename": "PricePerUnit"}, "__typename": "Price"}, "quantityDetails": {"maxAmount": 99, "minAmount": 1, "stepAmount": 1, "defaultAmount": 1, "__typename": "Quantity"}, "primaryBadge": [], "secondaryBadges": [{"alt": "NIEUW", "image": "/INTERSHOP/static/WFS/Jumbo-Site/Grocery/Jumbo-Grocery/nl_NL/PIMProductBadge/nieuw.png", "__typename": "Badge"}, {"alt": "THT logo", "image": "/INTERSHOP/static/WFS/Jumbo-Site/Grocery/Jumbo-Grocery/nl_NL/PIMProductBadge/tht-1+.png", "__typename": "Badge"}], "badgeDescription": "1+ dagen houdbaar", "customerAllergies": {"short": "", "__typename": "CustomerAllergies"}, "promotions": [], "surcharges": [], "__typename": "Product", "crossSells": [], "retailSetProducts": []}, {"id": "336295ZK", "brand": "Jumbo", "category": "Aardappelen, groente en fruit", "subtitle": "600 g", "title": "Jumbo Chinese Roerbakmix 600 g - Voordeelverpakking", "image": "https://retrieval.dam-lite.prod.aws.jumbo.com/fit-in/360x360/Products/09082023_1691585003144_1691585026937_8718452303243_1.png", "inAssortment": true, "availability": {"availability": "AVAILABLE", "isAvailable": true, "label": null, "stockLimit": null, "__typename": "ProductAvailability"}, "sponsored": false, "auctionId": null, "link": "/producten/jumbo-chinese-roerbakmix-600-g-voordeelverpakking-336295ZK", "retailSet": false, "prices": {"price": 296, "promoPrice": null, "pricePerUnit": {"price": 493, "unit": "kg", "__typename": "PricePerUnit"}, "__typename": "Price"}, "quantityDetails": {"maxAmount": 99, "minAmount": 1, "stepAmount": 1, "defaultAmount": 1, "__typename": "Quantity"}, "primaryBadge": [], "secondaryBadges": [{"alt": "THT logo", "image": "/INTERSHOP/static/WFS/Jumbo-Site/Grocery/Jumbo-Grocery/nl_NL/PIMProductBadge/tht-2+.png", "__typename": "Badge"}], "badgeDescription": "2+ dagen houdbaar", "customerAllergies": {"short": "", "__typename": "CustomerAllergies"}, "promotions": [], "surcharges": [], "__typename": "Product", "crossSells": [{"sku": "530913FLS", "__typename": "Product"}], "retailSetProducts": []}, {"id": "294610STK", "brand": "JUMBO", "category": "Aardappelen, groente en fruit", "subtitle": "1 stuk", "title": "Jumbo Biologische Rode Kool 1 Stuk", "image": "https://retrieval.dam-lite.prod.aws.jumbo.com/fit-in/360x360/Products/29092023_1695996729168_1695996732356_8718452659609_1.png", "inAssortment": true, "availability": {"availability": "AVAILABLE", "isAvailable": true, "label": null, "stockLimit": null, "__typename": "ProductAvailability"}, "sponsored": false, "auctionId": null, "link": "/producten/jumbo-biologische-rode-kool-1-stuk-294610STK", "retailSet": false, "prices": {"price": 199, "promoPrice": null, "pricePerUnit": {"price": 199, "unit": "pieces", "__typename": "PricePerUnit"}, "__typename": "Price"}, "quantityDetails": {"maxAmount": 99, "minAmount": 1, "stepAmount": 1, "defaultAmount": 1, "__typename": "Quantity"}, "primaryBadge": [], "secondaryBadges": [{"alt": "Van dichtbij", "image": "/INTERSHOP/static/WFS/Jumbo-Site/Grocery/Jumbo-Grocery/nl_NL/PIMProductBadge/van-dichtbij.png", "__typename": "Badge"}], "badgeDescription": null, "customerAllergies": {"short": "", "__typename": "CustomerAllergies"}, "promotions": [], "surcharges": [], "__typename": "Product", "crossSells": [], "retailSetProducts": []}, {"id": "582523TRA", "brand": "Kanzi", "category": "Aardappelen, groente en fruit", "subtitle": "497 g", "title": "Kanzi Appels 4 Stuks", "image": "https://retrieval.dam-lite.prod.aws.jumbo.com/fit-in/360x360/Products/07112023_1699378469032_1699378486859_8713893008764_1.png", "inAssortment": true, "availability": {"availability": "AVAILABLE", "isAvailable": true, "label": null, "stockLimit": null, "__typename": "ProductAvailability"}, "sponsored": false, "auctionId": null, "link": "/producten/kanzi-appels-4-stuks-582523TRA", "retailSet": false, "prices": {"price": 299, "promoPrice": null, "pricePerUnit": {"price": 75, "unit": "pieces", "__typename": "PricePerUnit"}, "__typename": "Price"}, "quantityDetails": {"maxAmount": 99, "minAmount": 1, "stepAmount": 1, "defaultAmount": 1, "__typename": "Quantity"}, "primaryBadge": [], "secondaryBadges": [], "badgeDescription": null, "customerAllergies": {"short": "", "__typename": "CustomerAllergies"}, "promotions": [], "surcharges": [], "__typename": "Product", "crossSells": [], "retailSetProducts": []}, {"id": "415064BAK", "brand": "Jumbo", "category": "Wereldkeukens, kruiden, pasta en rijst", "subtitle": "15 G", "title": "Jumbo Tijm Vers 15g", "image": "https://retrieval.dam-lite.prod.aws.jumbo.com/fit-in/360x360/Products/09082023_1691584973320_1691584988439_8718452299874_1.png", "inAssortment": true, "availability": {"availability": "AVAILABLE", "isAvailable": true, "label": null, "stockLimit": null, "__typename": "ProductAvailability"}, "sponsored": false, "auctionId": null, "link": "/producten/jumbo-tijm-vers-15g-415064BAK", "retailSet": false, "prices": {"price": 119, "promoPrice": null, "pricePerUnit": {"price": 7933, "unit": "kg", "__typename": "PricePerUnit"}, "__typename": "Price"}, "quantityDetails": {"maxAmount": 99, "minAmount": 1, "stepAmount": 1, "defaultAmount": 1, "__typename": "Quantity"}, "primaryBadge": [], "secondaryBadges": [{"alt": "THT logo", "image": "/INTERSHOP/static/WFS/Jumbo-Site/Grocery/Jumbo-Grocery/nl_NL/PIMProductBadge/tht-3+.png", "__typename": "Badge"}], "badgeDescription": "3+ dagen houdbaar", "customerAllergies": {"short": "", "__typename": "CustomerAllergies"}, "promotions": [], "surcharges": [], "__typename": "Product", "crossSells": [], "retailSetProducts": []}, {"id": "190967STK", "brand": "JUMBO", "category": "Aardappelen, groente en fruit", "subtitle": "2 stuks", "title": "Jumbo Biologisch Avocado 2 Stuks", "image": "https://retrieval.dam-lite.prod.aws.jumbo.com/fit-in/360x360/Products/09082023_1691595387993_1691595390453_8718452107414_1.png", "inAssortment": true, "availability": {"availability": "AVAILABLE", "isAvailable": true, "label": null, "stockLimit": null, "__typename": "ProductAvailability"}, "sponsored": false, "auctionId": null, "link": "/producten/jumbo-biologisch-avocado-2-stuks-190967STK", "retailSet": false, "prices": {"price": 289, "promoPrice": null, "pricePerUnit": {"price": 145, "unit": "pieces", "__typename": "PricePerUnit"}, "__typename": "Price"}, "quantityDetails": {"maxAmount": 99, "minAmount": 1, "stepAmount": 1, "defaultAmount": 1, "__typename": "Quantity"}, "primaryBadge": [], "secondaryBadges": [], "badgeDescription": null, "customerAllergies": {"short": "", "__typename": "CustomerAllergies"}, "promotions": [], "surcharges": [], "__typename": "Product", "crossSells": [{"sku": "376103CUP", "__typename": "Product"}], "retailSetProducts": []}, {"id": "158171STK", "brand": "Jumbo", "category": "Aardappelen, groente en fruit", "subtitle": "5 stuks", "title": "Jumbo Citroenen 5 Stuks", "image": "https://retrieval.dam-lite.prod.aws.jumbo.com/fit-in/360x360/Products/10082023_1691674956781_1691674994027_8718452119233_1.png", "inAssortment": true, "availability": {"availability": "AVAILABLE", "isAvailable": true, "label": null, "stockLimit": null, "__typename": "ProductAvailability"}, "sponsored": false, "auctionId": null, "link": "/producten/jumbo-citroenen-5-stuks-158171STK", "retailSet": false, "prices": {"price": 165, "promoPrice": null, "pricePerUnit": {"price": 33, "unit": "pieces", "__typename": "PricePerUnit"}, "__typename": "Price"}, "quantityDetails": {"maxAmount": 99, "minAmount": 1, "stepAmount": 1, "defaultAmount": 1, "__typename": "Quantity"}, "primaryBadge": [], "secondaryBadges": [], "badgeDescription": null, "customerAllergies": {"short": "", "__typename": "CustomerAllergies"}, "promotions": [], "surcharges": [], "__typename": "Product", "crossSells": [{"sku": "160515STK", "__typename": "Product"}, {"sku": "211863BAK", "__typename": "Product"}], "retailSetProducts": []}, {"id": "387074NET", "brand": "Jumbo", "category": "Aardappelen, groente en fruit", "subtitle": "500 G", "title": "Jumbo Gele Uien Biologisch 500g", "image": "https://retrieval.dam-lite.prod.aws.jumbo.com/fit-in/360x360/Products/09082023_1691587559745_1691587584295_8717154571882_1.png", "inAssortment": true, "availability": {"availability": "AVAILABLE", "isAvailable": true, "label": null, "stockLimit": null, "__typename": "ProductAvailability"}, "sponsored": false, "auctionId": null, "link": "/producten/jumbo-gele-uien-biologisch-500g-387074NET", "retailSet": false, "prices": {"price": 109, "promoPrice": null, "pricePerUnit": {"price": 218, "unit": "kg", "__typename": "PricePerUnit"}, "__typename": "Price"}, "quantityDetails": {"maxAmount": 99, "minAmount": 1, "stepAmount": 1, "defaultAmount": 1, "__typename": "Quantity"}, "primaryBadge": [], "secondaryBadges": [{"alt": "Van dichtbij", "image": "/INTERSHOP/static/WFS/Jumbo-Site/Grocery/Jumbo-Grocery/nl_NL/PIMProductBadge/van-dichtbij.png", "__typename": "Badge"}], "badgeDescription": null, "customerAllergies": {"short": "", "__typename": "CustomerAllergies"}, "promotions": [], "surcharges": [], "__typename": "Product", "crossSells": [], "retailSetProducts": []}, {"id": "470257TRA", "brand": "Pink Lady", "category": "Aardappelen, groente en fruit", "subtitle": "8 stuks", "title": "Pink Lady PinKids Appels 8 Stuks", "image": "https://retrieval.dam-lite.prod.aws.jumbo.com/fit-in/360x360/Products/17102023_1697509395835_1697509420392_470257_TRA_.png", "inAssortment": true, "availability": {"availability": "AVAILABLE", "isAvailable": true, "label": null, "stockLimit": null, "__typename": "ProductAvailability"}, "sponsored": false, "auctionId": null, "link": "/producten/pink-lady-pinkids-appels-8-stuks-470257TRA", "retailSet": false, "prices": {"price": 359, "promoPrice": null, "pricePerUnit": {"price": 45, "unit": "pieces", "__typename": "PricePerUnit"}, "__typename": "Price"}, "quantityDetails": {"maxAmount": 99, "minAmount": 1, "stepAmount": 1, "defaultAmount": 1, "__typename": "Quantity"}, "primaryBadge": [], "secondaryBadges": [], "badgeDescription": null, "customerAllergies": {"short": "", "__typename": "CustomerAllergies"}, "promotions": [], "surcharges": [], "__typename": "Product", "crossSells": [], "retailSetProducts": []}, {"id": "523349FLS", "brand": "innocent\u00a9", "category": "Aardappelen, groente en fruit", "subtitle": "750 ml", "title": "Innocent Super Smoothie Recharge 750ml", "image": "https://retrieval.dam-lite.prod.aws.jumbo.com/fit-in/360x360/Products/10082023_1691677822019_1691677829073_5038862000413_1.png", "inAssortment": true, "availability": {"availability": "AVAILABLE", "isAvailable": true, "label": null, "stockLimit": null, "__typename": "ProductAvailability"}, "sponsored": false, "auctionId": null, "link": "/producten/innocent-super-smoothie-recharge-750ml-523349FLS", "retailSet": false, "prices": {"price": 385, "promoPrice": null, "pricePerUnit": {"price": 513, "unit": "l", "__typename": "PricePerUnit"}, "__typename": "Price"}, "quantityDetails": {"maxAmount": 99, "minAmount": 1, "stepAmount": 1, "defaultAmount": 1, "__typename": "Quantity"}, "primaryBadge": [], "secondaryBadges": [{"alt": "THT logo", "image": "/INTERSHOP/static/WFS/Jumbo-Site/Grocery/Jumbo-Grocery/nl_NL/PIMProductBadge/tht-8+.png", "__typename": "Badge"}], "badgeDescription": "8+ dagen houdbaar", "customerAllergies": {"short": "", "__typename": "CustomerAllergies"}, "promotions": [], "surcharges": [], "__typename": "Product", "crossSells": [], "retailSetProducts": []}, {"id": "338936NET", "brand": "Naturelle", "category": "Aardappelen, groente en fruit", "subtitle": "3 stuks", "title": "Jumbo Limoenen Biologisch 3 Stuks", "image": "https://retrieval.dam-lite.prod.aws.jumbo.com/fit-in/360x360/Products/09082023_1691586679705_1691586686462_8718452458899_1.png", "inAssortment": true, "availability": {"availability": "AVAILABLE", "isAvailable": true, "label": null, "stockLimit": null, "__typename": "ProductAvailability"}, "sponsored": false, "auctionId": null, "link": "/producten/jumbo-limoenen-biologisch-3-stuks-338936NET", "retailSet": false, "prices": {"price": 179, "promoPrice": null, "pricePerUnit": {"price": 60, "unit": "pieces", "__typename": "PricePerUnit"}, "__typename": "Price"}, "quantityDetails": {"maxAmount": 99, "minAmount": 1, "stepAmount": 1, "defaultAmount": 1, "__typename": "Quantity"}, "primaryBadge": [], "secondaryBadges": [], "badgeDescription": null, "customerAllergies": {"short": "", "__typename": "CustomerAllergies"}, "promotions": [], "surcharges": [], "__typename": "Product", "crossSells": [{"sku": "159388PAK", "__typename": "Product"}, {"sku": "483657NET", "__typename": "Product"}], "retailSetProducts": []}, {"id": "532723ZK", "brand": "JUMBO", "category": "Aardappelen, groente en fruit", "subtitle": "500 g", "title": "Jumbo Fijngesneden Boerenkool 500g", "image": "https://retrieval.dam-lite.prod.aws.jumbo.com/fit-in/360x360/Products/10082023_1691677663845_1691677673915_8718452648184_1.png", "inAssortment": true, "availability": {"availability": "AVAILABLE", "isAvailable": true, "label": null, "stockLimit": null, "__typename": "ProductAvailability"}, "sponsored": false, "auctionId": null, "link": "/producten/jumbo-fijngesneden-boerenkool-500g-532723ZK", "retailSet": false, "prices": {"price": 239, "promoPrice": null, "pricePerUnit": {"price": 478, "unit": "kg", "__typename": "PricePerUnit"}, "__typename": "Price"}, "quantityDetails": {"maxAmount": 99, "minAmount": 1, "stepAmount": 1, "defaultAmount": 1, "__typename": "Quantity"}, "primaryBadge": [], "secondaryBadges": [{"alt": "NIEUW", "image": "/INTERSHOP/static/WFS/Jumbo-Site/Grocery/Jumbo-Grocery/nl_NL/PIMProductBadge/nieuw.png", "__typename": "Badge"}, {"alt": "THT logo", "image": "/INTERSHOP/static/WFS/Jumbo-Site/Grocery/Jumbo-Grocery/nl_NL/PIMProductBadge/tht-2+.png", "__typename": "Badge"}], "badgeDescription": "2+ dagen houdbaar", "customerAllergies": {"short": "", "__typename": "CustomerAllergies"}, "promotions": [], "surcharges": [], "__typename": "Product", "crossSells": [{"sku": "92452TRA", "__typename": "Product"}, {"sku": "547365TRA", "__typename": "Product"}, {"sku": "392327ZK", "__typename": "Product"}, {"sku": "413479ZK", "__typename": "Product"}], "retailSetProducts": []}, {"id": "212149STK", "brand": "Jumbo", "category": "Aardappelen, groente en fruit", "subtitle": "400 g", "title": "Jumbo Koolraap 400g", "image": "https://retrieval.dam-lite.prod.aws.jumbo.com/fit-in/360x360/Products/09082023_1691585001953_1691585015085_8718452310135_1.png", "inAssortment": true, "availability": {"availability": "AVAILABLE", "isAvailable": true, "label": null, "stockLimit": null, "__typename": "ProductAvailability"}, "sponsored": false, "auctionId": null, "link": "/producten/jumbo-koolraap-400g-212149STK", "retailSet": false, "prices": {"price": 199, "promoPrice": null, "pricePerUnit": {"price": 498, "unit": "kg", "__typename": "PricePerUnit"}, "__typename": "Price"}, "quantityDetails": {"maxAmount": 99, "minAmount": 1, "stepAmount": 1, "defaultAmount": 1, "__typename": "Quantity"}, "primaryBadge": [], "secondaryBadges": [{"alt": "THT logo", "image": "/INTERSHOP/static/WFS/Jumbo-Site/Grocery/Jumbo-Grocery/nl_NL/PIMProductBadge/tht-2+.png", "__typename": "Badge"}, {"alt": "NIEUW", "image": "/INTERSHOP/static/WFS/Jumbo-Site/Grocery/Jumbo-Grocery/nl_NL/PIMProductBadge/nieuw.png", "__typename": "Badge"}], "badgeDescription": "2+ dagen houdbaar", "customerAllergies": {"short": "", "__typename": "CustomerAllergies"}, "promotions": [], "surcharges": [], "__typename": "Product", "crossSells": [], "retailSetProducts": []}, {"id": "415896EM", "brand": "KRAMAR", "category": "Aardappelen, groente en fruit", "subtitle": "300 g", "title": "Kramer Organic Kimchi Veggie & Spice 300g", "image": "https://retrieval.dam-lite.prod.aws.jumbo.com/fit-in/360x360/Products/28092023_1695920454252_1695920466666_8710488668006_1.png", "inAssortment": true, "availability": {"availability": "AVAILABLE", "isAvailable": true, "label": null, "stockLimit": null, "__typename": "ProductAvailability"}, "sponsored": false, "auctionId": null, "link": "/producten/kramer-organic-kimchi-veggie-spice-300g-415896EM", "retailSet": false, "prices": {"price": 359, "promoPrice": null, "pricePerUnit": {"price": 1197, "unit": "kg", "__typename": "PricePerUnit"}, "__typename": "Price"}, "quantityDetails": {"maxAmount": 99, "minAmount": 1, "stepAmount": 1, "defaultAmount": 1, "__typename": "Quantity"}, "primaryBadge": [], "secondaryBadges": [], "badgeDescription": null, "customerAllergies": {"short": "", "__typename": "CustomerAllergies"}, "promotions": [], "surcharges": [], "__typename": "Product", "crossSells": [], "retailSetProducts": []}, {"id": "580838BAK", "brand": "Eurosalad", "category": "Aardappelen, groente en fruit", "subtitle": "200 gram", "title": "Eurosalad Broccoli Salade 200g", "image": "https://retrieval.dam-lite.prod.aws.jumbo.com/fit-in/360x360/Products/09082023_1691596489327_1691596495239_8718481863091_1.png", "inAssortment": true, "availability": {"availability": "AVAILABLE", "isAvailable": true, "label": null, "stockLimit": null, "__typename": "ProductAvailability"}, "sponsored": false, "auctionId": null, "link": "/producten/eurosalad-broccoli-salade-200g-580838BAK", "retailSet": false, "prices": {"price": 279, "promoPrice": null, "pricePerUnit": {"price": 1395, "unit": "kg", "__typename": "PricePerUnit"}, "__typename": "Price"}, "quantityDetails": {"maxAmount": 99, "minAmount": 1, "stepAmount": 1, "defaultAmount": 1, "__typename": "Quantity"}, "primaryBadge": [], "secondaryBadges": [{"alt": "THT logo", "image": "/INTERSHOP/static/WFS/Jumbo-Site/Grocery/Jumbo-Grocery/nl_NL/PIMProductBadge/tht-1+.png", "__typename": "Badge"}], "badgeDescription": "1+ dagen houdbaar", "customerAllergies": {"short": "", "__typename": "CustomerAllergies"}, "promotions": [], "surcharges": [], "__typename": "Product", "crossSells": [], "retailSetProducts": []}, {"id": "212623STK", "brand": "Jumbo", "category": "Aardappelen, groente en fruit", "subtitle": "125 g", "title": "Jumbo Tauge 125g", "image": "https://retrieval.dam-lite.prod.aws.jumbo.com/fit-in/360x360/Products/18092023_1695032652604_1695032657580_8718452302291_1.png", "inAssortment": true, "availability": {"availability": "AVAILABLE", "isAvailable": true, "label": null, "stockLimit": null, "__typename": "ProductAvailability"}, "sponsored": false, "auctionId": null, "link": "/producten/jumbo-tauge-125g-212623STK", "retailSet": false, "prices": {"price": 100, "promoPrice": null, "pricePerUnit": {"price": 800, "unit": "kg", "__typename": "PricePerUnit"}, "__typename": "Price"}, "quantityDetails": {"maxAmount": 99, "minAmount": 1, "stepAmount": 1, "defaultAmount": 1, "__typename": "Quantity"}, "primaryBadge": [], "secondaryBadges": [{"alt": "THT logo", "image": "/INTERSHOP/static/WFS/Jumbo-Site/Grocery/Jumbo-Grocery/nl_NL/PIMProductBadge/tht-2+.png", "__typename": "Badge"}], "badgeDescription": "2+ dagen houdbaar", "customerAllergies": {"short": "", "__typename": "CustomerAllergies"}, "promotions": [], "surcharges": [], "__typename": "Product", "crossSells": [], "retailSetProducts": []}, {"id": "84276POT", "brand": "HAK", "category": "Aardappelen, groente en fruit", "subtitle": "675 g", "title": "Hak Sperziebonen 675g", "image": "https://retrieval.dam-lite.prod.aws.jumbo.com/fit-in/360x360/Products/09082023_1691592111988_1691592147516_8720600609930_1.png", "inAssortment": true, "availability": {"availability": "AVAILABLE", "isAvailable": true, "label": null, "stockLimit": null, "__typename": "ProductAvailability"}, "sponsored": false, "auctionId": null, "link": "/producten/hak-sperziebonen-675g-84276POT", "retailSet": false, "prices": {"price": 266, "promoPrice": null, "pricePerUnit": {"price": 739, "unit": "kg", "__typename": "PricePerUnit"}, "__typename": "Price"}, "quantityDetails": {"maxAmount": 99, "minAmount": 1, "stepAmount": 1, "defaultAmount": 1, "__typename": "Quantity"}, "primaryBadge": [], "secondaryBadges": [], "badgeDescription": null, "customerAllergies": {"short": "", "__typename": "CustomerAllergies"}, "promotions": [{"id": "3797002-C-1", "group": "Seizoen", "isKiesAndMix": false, "image": "/INTERSHOP/static/WFS/Jumbo-Grocery-Site/-/Jumbo-Grocery/nl_NL/Images_Aanbiedingen/2023/Seizoensaanbiedingen/SA12/HAK_280px.png", "tags": [{"text": "2 voor \u20ac 3,50", "inverse": false, "__typename": "PromotionTag"}], "start": {"dayShort": "wo", "date": 8, "monthShort": "nov", "__typename": "PromotionDateTime"}, "end": {"dayShort": "di", "date": 5, "monthShort": "dec", "__typename": "PromotionDateTime"}, "attachments": [{"type": "PromotionGroup-Badge", "path": "/INTERSHOP/web/WFS/Jumbo-Grocery-Site/nl_NL/-/EUR/ViewPromotionAttachment-OpenFile?unitName=Jumbo&LocaleId=nl_NL&DirectoryPath=PromotionBadges&FileName=Seizoen.svg", "__typename": "PromotionAttachment"}], "primaryBadge": [{"alt": "PromotionGroup-Badge", "image": "/INTERSHOP/web/WFS/Jumbo-Grocery-Site/nl_NL/-/EUR/ViewPromotionAttachment-OpenFile?unitName=Jumbo&LocaleId=nl_NL&DirectoryPath=PromotionBadges&FileName=Seizoen.svg", "__typename": "PromotionBadge"}], "__typename": "Promotion"}], "surcharges": [], "__typename": "Product", "crossSells": [], "retailSetProducts": []}, {"id": "386857ZK", "brand": "JUMBO", "category": "Aardappelen, groente en fruit", "subtitle": "2 kg", "title": "Jumbo Biologisch Aardappelen Kruimig 2kg", "image": "https://retrieval.dam-lite.prod.aws.jumbo.com/fit-in/360x360/Products/386857_8718452513260_1_T1_386857ZK1691482043540.png", "inAssortment": true, "availability": {"availability": "AVAILABLE", "isAvailable": true, "label": null, "stockLimit": null, "__typename": "ProductAvailability"}, "sponsored": false, "auctionId": null, "link": "/producten/jumbo-biologisch-aardappelen-kruimig-2kg-386857ZK", "retailSet": false, "prices": {"price": 399, "promoPrice": null, "pricePerUnit": {"price": 200, "unit": "kg", "__typename": "PricePerUnit"}, "__typename": "Price"}, "quantityDetails": {"maxAmount": 99, "minAmount": 1, "stepAmount": 1, "defaultAmount": 1, "__typename": "Quantity"}, "primaryBadge": [], "secondaryBadges": [{"alt": "Van dichtbij", "image": "/INTERSHOP/static/WFS/Jumbo-Site/Grocery/Jumbo-Grocery/nl_NL/PIMProductBadge/van-dichtbij.png", "__typename": "Badge"}], "badgeDescription": null, "customerAllergies": {"short": "", "__typename": "CustomerAllergies"}, "promotions": [{"id": "3798025-C-1", "group": "Seizoen", "isKiesAndMix": true, "image": "/INTERSHOP/static/WFS/Jumbo-Grocery-Site/-/Jumbo-Grocery/nl_NL/Images_Aanbiedingen/2023/Seizoensaanbiedingen/SA12/Kies%20en%20Mix%20Groente_280px.png", "tags": [{"text": "2 voor \u20ac 4,00", "inverse": false, "__typename": "PromotionTag"}], "start": {"dayShort": "wo", "date": 8, "monthShort": "nov", "__typename": "PromotionDateTime"}, "end": {"dayShort": "di", "date": 5, "monthShort": "dec", "__typename": "PromotionDateTime"}, "attachments": [{"type": "CustomBadge", "path": "/INTERSHOP/web/WFS/Jumbo-Grocery-Site/nl_NL/-/EUR/ViewPromotionAttachment-OpenFile?LocaleId=nl_NL&DirectoryPath=0003-Kies%26Mix&FileName=Kies_mix_nieuw.png&UnitName=Jumbo-Grocery", "__typename": "PromotionAttachment"}, {"type": "PromotionGroup-Badge", "path": "/INTERSHOP/web/WFS/Jumbo-Grocery-Site/nl_NL/-/EUR/ViewPromotionAttachment-OpenFile?unitName=Jumbo&LocaleId=nl_NL&DirectoryPath=PromotionBadges&FileName=Seizoen.svg", "__typename": "PromotionAttachment"}], "primaryBadge": [{"alt": "CustomBadge", "image": "/INTERSHOP/web/WFS/Jumbo-Grocery-Site/nl_NL/-/EUR/ViewPromotionAttachment-OpenFile?LocaleId=nl_NL&DirectoryPath=0003-Kies%26Mix&FileName=Kies_mix_nieuw.png&UnitName=Jumbo-Grocery", "__typename": "PromotionBadge"}, {"alt": "PromotionGroup-Badge", "image": "/INTERSHOP/web/WFS/Jumbo-Grocery-Site/nl_NL/-/EUR/ViewPromotionAttachment-OpenFile?unitName=Jumbo&LocaleId=nl_NL&DirectoryPath=PromotionBadges&FileName=Seizoen.svg", "__typename": "PromotionBadge"}], "__typename": "Promotion"}], "surcharges": [], "__typename": "Product", "crossSells": [], "retailSetProducts": []}, {"id": "546753FLS", "brand": "JUMBO", "category": "Frisdrank en sappen", "subtitle": "125 ml", "title": "Jumbo Groenteshot Komkommer Courgette Spinazie Banaan Appel Avocado 125ML", "image": "https://retrieval.dam-lite.prod.aws.jumbo.com/fit-in/360x360/Products/546753_8718452712373_1_T1_385899FLS1691077866295.png", "inAssortment": true, "availability": {"availability": "AVAILABLE", "isAvailable": true, "label": null, "stockLimit": null, "__typename": "ProductAvailability"}, "sponsored": false, "auctionId": null, "link": "/producten/jumbo-groenteshot-komkommer-courgette-spinazie-banaan-appel-avocado-125ml-546753FLS", "retailSet": false, "prices": {"price": 100, "promoPrice": null, "pricePerUnit": {"price": 800, "unit": "l", "__typename": "PricePerUnit"}, "__typename": "Price"}, "quantityDetails": {"maxAmount": 99, "minAmount": 1, "stepAmount": 1, "defaultAmount": 1, "__typename": "Quantity"}, "primaryBadge": [], "secondaryBadges": [{"alt": "THT logo", "image": "/INTERSHOP/static/WFS/Jumbo-Site/Grocery/Jumbo-Grocery/nl_NL/PIMProductBadge/tht-10+.png", "__typename": "Badge"}], "badgeDescription": "10+ dagen houdbaar", "customerAllergies": {"short": "", "__typename": "CustomerAllergies"}, "promotions": [], "surcharges": [], "__typename": "Product", "crossSells": [], "retailSetProducts": []}, {"id": "563716ZK", "brand": "C\u00ealaV\u00edta", "category": "Aardappelen, groente en fruit", "subtitle": "450 g", "title": "C\u00ealaV\u00edta Verse Halve Krieltjes met Schil 450g", "image": "https://retrieval.dam-lite.prod.aws.jumbo.com/fit-in/360x360/Products/09082023_1691594986639_1691595004376_8710556813642_1.png", "inAssortment": true, "availability": {"availability": "AVAILABLE", "isAvailable": true, "label": null, "stockLimit": null, "__typename": "ProductAvailability"}, "sponsored": false, "auctionId": null, "link": "/producten/celavita-verse-halve-krieltjes-met-schil-450g-563716ZK", "retailSet": false, "prices": {"price": 148, "promoPrice": null, "pricePerUnit": {"price": 329, "unit": "kg", "__typename": "PricePerUnit"}, "__typename": "Price"}, "quantityDetails": {"maxAmount": 99, "minAmount": 1, "stepAmount": 1, "defaultAmount": 1, "__typename": "Quantity"}, "primaryBadge": [], "secondaryBadges": [{"alt": "THT logo", "image": "/INTERSHOP/static/WFS/Jumbo-Site/Grocery/Jumbo-Grocery/nl_NL/PIMProductBadge/tht-2+.png", "__typename": "Badge"}], "badgeDescription": "2+ dagen houdbaar", "customerAllergies": {"short": "", "__typename": "CustomerAllergies"}, "promotions": [], "surcharges": [], "__typename": "Product", "crossSells": [], "retailSetProducts": []}, {"id": "191662ZK", "brand": "Jumbo", "category": "Aardappelen, groente en fruit", "subtitle": "400 g", "title": "Jumbo Gedroogde Rode Linzen 400g", "image": "https://retrieval.dam-lite.prod.aws.jumbo.com/fit-in/360x360/Products/09082023_1691584439266_1691584456779_8718452252527_1.png", "inAssortment": true, "availability": {"availability": "AVAILABLE", "isAvailable": true, "label": null, "stockLimit": null, "__typename": "ProductAvailability"}, "sponsored": false, "auctionId": null, "link": "/producten/jumbo-gedroogde-rode-linzen-400g-191662ZK", "retailSet": false, "prices": {"price": 200, "promoPrice": null, "pricePerUnit": {"price": 500, "unit": "kg", "__typename": "PricePerUnit"}, "__typename": "Price"}, "quantityDetails": {"maxAmount": 99, "minAmount": 1, "stepAmount": 1, "defaultAmount": 1, "__typename": "Quantity"}, "primaryBadge": [], "secondaryBadges": [], "badgeDescription": null, "customerAllergies": {"short": "", "__typename": "CustomerAllergies"}, "promotions": [], "surcharges": [], "__typename": "Product", "crossSells": [], "retailSetProducts": []}, {"id": "226706ZK", "brand": "JUMBO", "category": "Aardappelen, groente en fruit", "subtitle": "600 g", "title": "Jumbo Tandoori Aardappelschijfjes 600g", "image": "https://retrieval.dam-lite.prod.aws.jumbo.com/fit-in/360x360/Products/18092023_1695060800863_1695060809636_8718452373659_1.png", "inAssortment": true, "availability": {"availability": "TEMPORARILY_UNAVAILABLE", "isAvailable": false, "label": "Niet leverbaar", "stockLimit": null, "__typename": "ProductAvailability"}, "sponsored": false, "auctionId": null, "link": "/producten/jumbo-tandoori-aardappelschijfjes-600g-226706ZK", "retailSet": false, "prices": {"price": 139, "promoPrice": null, "pricePerUnit": {"price": 232, "unit": "kg", "__typename": "PricePerUnit"}, "__typename": "Price"}, "quantityDetails": {"maxAmount": 99, "minAmount": 1, "stepAmount": 1, "defaultAmount": 1, "__typename": "Quantity"}, "primaryBadge": [], "secondaryBadges": [{"alt": "THT logo", "image": "/INTERSHOP/static/WFS/Jumbo-Site/Grocery/Jumbo-Grocery/nl_NL/PIMProductBadge/tht-2+.png", "__typename": "Badge"}], "badgeDescription": "2+ dagen houdbaar", "customerAllergies": {"short": "", "__typename": "CustomerAllergies"}, "promotions": [], "surcharges": [], "__typename": "Product", "crossSells": [], "retailSetProducts": []}, {"id": "517471POT", "brand": "K\u00fchne", "category": "Aardappelen, groente en fruit", "subtitle": "330 g", "title": "K\u00fchne Rauwkost Salade Zoetzuur 330g", "image": "https://retrieval.dam-lite.prod.aws.jumbo.com/fit-in/360x360/Products/09082023_1691592639949_1691592712792_40737355_1.png", "inAssortment": true, "availability": {"availability": "AVAILABLE", "isAvailable": true, "label": null, "stockLimit": null, "__typename": "ProductAvailability"}, "sponsored": false, "auctionId": null, "link": "/producten/kuhne-rauwkost-salade-zoetzuur-330g-517471POT", "retailSet": false, "prices": {"price": 187, "promoPrice": null, "pricePerUnit": {"price": 984, "unit": "kg", "__typename": "PricePerUnit"}, "__typename": "Price"}, "quantityDetails": {"maxAmount": 99, "minAmount": 1, "stepAmount": 1, "defaultAmount": 1, "__typename": "Quantity"}, "primaryBadge": [], "secondaryBadges": [], "badgeDescription": null, "customerAllergies": {"short": "", "__typename": "CustomerAllergies"}, "promotions": [], "surcharges": [], "__typename": "Product", "crossSells": [], "retailSetProducts": []}, {"id": "274944STK", "brand": "DE UITSTOVERS\u00ae", "category": "Conserven, soepen, sauzen, oli\u00ebn", "subtitle": "400 g", "title": "De Uitstovers Toffe Peertjes Traditionele Stoofpeer 400g", "image": "https://retrieval.dam-lite.prod.aws.jumbo.com/fit-in/360x360/Products/10082023_1691675593977_1691675603302_8716018001121_1.png", "inAssortment": true, "availability": {"availability": "AVAILABLE", "isAvailable": true, "label": null, "stockLimit": null, "__typename": "ProductAvailability"}, "sponsored": false, "auctionId": null, "link": "/producten/de-uitstovers-toffe-peertjes-traditionele-stoofpeer-400g-274944STK", "retailSet": false, "prices": {"price": 309, "promoPrice": null, "pricePerUnit": {"price": 773, "unit": "kg", "__typename": "PricePerUnit"}, "__typename": "Price"}, "quantityDetails": {"maxAmount": 99, "minAmount": 1, "stepAmount": 1, "defaultAmount": 1, "__typename": "Quantity"}, "primaryBadge": [], "secondaryBadges": [{"alt": "THT logo", "image": "/INTERSHOP/static/WFS/Jumbo-Site/Grocery/Jumbo-Grocery/nl_NL/PIMProductBadge/tht-10+.png", "__typename": "Badge"}], "badgeDescription": "10+ dagen houdbaar", "customerAllergies": {"short": "", "__typename": "CustomerAllergies"}, "promotions": [], "surcharges": [], "__typename": "Product", "crossSells": [], "retailSetProducts": []}, {"id": "207143STK", "brand": "Jumbo", "category": "Aardappelen, groente en fruit", "subtitle": "15 G", "title": "Jumbo Rozemarijn Vers 15g", "image": "https://retrieval.dam-lite.prod.aws.jumbo.com/fit-in/360x360/Products/09082023_1691585023959_1691585041762_8718452299881_1.png", "inAssortment": true, "availability": {"availability": "AVAILABLE", "isAvailable": true, "label": null, "stockLimit": null, "__typename": "ProductAvailability"}, "sponsored": false, "auctionId": null, "link": "/producten/jumbo-rozemarijn-vers-15g-207143STK", "retailSet": false, "prices": {"price": 119, "promoPrice": null, "pricePerUnit": {"price": 7933, "unit": "kg", "__typename": "PricePerUnit"}, "__typename": "Price"}, "quantityDetails": {"maxAmount": 99, "minAmount": 1, "stepAmount": 1, "defaultAmount": 1, "__typename": "Quantity"}, "primaryBadge": [], "secondaryBadges": [{"alt": "THT logo", "image": "/INTERSHOP/static/WFS/Jumbo-Site/Grocery/Jumbo-Grocery/nl_NL/PIMProductBadge/tht-2+.png", "__typename": "Badge"}], "badgeDescription": "2+ dagen houdbaar", "customerAllergies": {"short": "", "__typename": "CustomerAllergies"}, "promotions": [], "surcharges": [], "__typename": "Product", "crossSells": [], "retailSetProducts": []}, {"id": "591496ZK", "brand": "JUMBO", "category": "Aardappelen, groente en fruit", "subtitle": "400 g", "title": "Jumbo Fijne Roerbakmix 400g", "image": "https://retrieval.dam-lite.prod.aws.jumbo.com/fit-in/360x360/Products/548344ZK1fa5c4b41-98c9-4331-a08c-59adedfc5532-1695744616771.png", "inAssortment": true, "availability": {"availability": "AVAILABLE", "isAvailable": true, "label": null, "stockLimit": null, "__typename": "ProductAvailability"}, "sponsored": false, "auctionId": null, "link": "/producten/jumbo-fijne-roerbakmix-400g-591496ZK", "retailSet": false, "prices": {"price": 219, "promoPrice": null, "pricePerUnit": {"price": 548, "unit": "kg", "__typename": "PricePerUnit"}, "__typename": "Price"}, "quantityDetails": {"maxAmount": 99, "minAmount": 1, "stepAmount": 1, "defaultAmount": 1, "__typename": "Quantity"}, "primaryBadge": [], "secondaryBadges": [{"alt": "THT logo", "image": "/INTERSHOP/static/WFS/Jumbo-Site/Grocery/Jumbo-Grocery/nl_NL/PIMProductBadge/tht-1+.png", "__typename": "Badge"}, {"alt": "NIEUW", "image": "/INTERSHOP/static/WFS/Jumbo-Site/Grocery/Jumbo-Grocery/nl_NL/PIMProductBadge/nieuw.png", "__typename": "Badge"}], "badgeDescription": "1+ dagen houdbaar", "customerAllergies": {"short": "", "__typename": "CustomerAllergies"}, "promotions": [{"id": "3798022-C-1", "group": "Seizoen", "isKiesAndMix": false, "image": "/INTERSHOP/static/WFS/Jumbo-Grocery-Site/-/Jumbo-Grocery/nl_NL/Images_Aanbiedingen/2023/Seizoensaanbiedingen/SA12/Jumbo%20roerbakgroente_280px.png", "tags": [{"text": "2 voor \u20ac 3,50", "inverse": false, "__typename": "PromotionTag"}], "start": {"dayShort": "wo", "date": 8, "monthShort": "nov", "__typename": "PromotionDateTime"}, "end": {"dayShort": "di", "date": 5, "monthShort": "dec", "__typename": "PromotionDateTime"}, "attachments": [{"type": "PromotionGroup-Badge", "path": "/INTERSHOP/web/WFS/Jumbo-Grocery-Site/nl_NL/-/EUR/ViewPromotionAttachment-OpenFile?unitName=Jumbo&LocaleId=nl_NL&DirectoryPath=PromotionBadges&FileName=Seizoen.svg", "__typename": "PromotionAttachment"}], "primaryBadge": [{"alt": "PromotionGroup-Badge", "image": "/INTERSHOP/web/WFS/Jumbo-Grocery-Site/nl_NL/-/EUR/ViewPromotionAttachment-OpenFile?unitName=Jumbo&LocaleId=nl_NL&DirectoryPath=PromotionBadges&FileName=Seizoen.svg", "__typename": "PromotionBadge"}], "__typename": "Promotion"}], "surcharges": [], "__typename": "Product", "crossSells": [], "retailSetProducts": []}, {"id": "574858ZK", "brand": "Jumbo", "category": "Aardappelen, groente en fruit", "subtitle": "800 g", "title": "Jumbo Vastkokende Aardappelen 800g", "image": "https://retrieval.dam-lite.prod.aws.jumbo.com/fit-in/360x360/Products/09082023_1691585111856_1691585143368_8718452309290_1.png", "inAssortment": true, "availability": {"availability": "AVAILABLE", "isAvailable": true, "label": null, "stockLimit": null, "__typename": "ProductAvailability"}, "sponsored": false, "auctionId": null, "link": "/producten/jumbo-vastkokende-aardappelen-800g-574858ZK", "retailSet": false, "prices": {"price": 149, "promoPrice": null, "pricePerUnit": {"price": 186, "unit": "kg", "__typename": "PricePerUnit"}, "__typename": "Price"}, "quantityDetails": {"maxAmount": 99, "minAmount": 1, "stepAmount": 1, "defaultAmount": 1, "__typename": "Quantity"}, "primaryBadge": [], "secondaryBadges": [{"alt": "THT logo", "image": "/INTERSHOP/static/WFS/Jumbo-Site/Grocery/Jumbo-Grocery/nl_NL/PIMProductBadge/tht-2+.png", "__typename": "Badge"}], "badgeDescription": "2+ dagen houdbaar", "customerAllergies": {"short": "", "__typename": "CustomerAllergies"}, "promotions": [], "surcharges": [], "__typename": "Product", "crossSells": [], "retailSetProducts": []}, {"id": "283644STK", "brand": "KANZi", "category": "Aardappelen, groente en fruit", "subtitle": "1 kg", "title": "Kanzi Appels 1kg", "image": "https://retrieval.dam-lite.prod.aws.jumbo.com/fit-in/360x360/Products/18092023_1695060800947_1695060809449_8713893017452_1.png", "inAssortment": true, "availability": {"availability": "AVAILABLE", "isAvailable": true, "label": null, "stockLimit": null, "__typename": "ProductAvailability"}, "sponsored": false, "auctionId": null, "link": "/producten/kanzi-appels-1kg-283644STK", "retailSet": false, "prices": {"price": 299, "promoPrice": null, "pricePerUnit": {"price": 299, "unit": "kg", "__typename": "PricePerUnit"}, "__typename": "Price"}, "quantityDetails": {"maxAmount": 99, "minAmount": 1, "stepAmount": 1, "defaultAmount": 1, "__typename": "Quantity"}, "primaryBadge": [], "secondaryBadges": [], "badgeDescription": null, "customerAllergies": {"short": "", "__typename": "CustomerAllergies"}, "promotions": [{"id": "3798024-C-1", "group": "Seizoen", "isKiesAndMix": true, "image": "/INTERSHOP/static/WFS/Jumbo-Grocery-Site/-/Jumbo-Grocery/nl_NL/Images_Aanbiedingen/2023/Seizoensaanbiedingen/SA12/Kies%20en%20Mix%20Fruit_280px.png", "tags": [{"text": "2 voor \u20ac 4,00", "inverse": false, "__typename": "PromotionTag"}], "start": {"dayShort": "wo", "date": 8, "monthShort": "nov", "__typename": "PromotionDateTime"}, "end": {"dayShort": "di", "date": 5, "monthShort": "dec", "__typename": "PromotionDateTime"}, "attachments": [{"type": "CustomBadge", "path": "/INTERSHOP/web/WFS/Jumbo-Grocery-Site/nl_NL/-/EUR/ViewPromotionAttachment-OpenFile?LocaleId=nl_NL&DirectoryPath=0003-Kies%26Mix&FileName=Kies_mix_nieuw.png&UnitName=Jumbo-Grocery", "__typename": "PromotionAttachment"}, {"type": "PromotionGroup-Badge", "path": "/INTERSHOP/web/WFS/Jumbo-Grocery-Site/nl_NL/-/EUR/ViewPromotionAttachment-OpenFile?unitName=Jumbo&LocaleId=nl_NL&DirectoryPath=PromotionBadges&FileName=Seizoen.svg", "__typename": "PromotionAttachment"}], "primaryBadge": [{"alt": "CustomBadge", "image": "/INTERSHOP/web/WFS/Jumbo-Grocery-Site/nl_NL/-/EUR/ViewPromotionAttachment-OpenFile?LocaleId=nl_NL&DirectoryPath=0003-Kies%26Mix&FileName=Kies_mix_nieuw.png&UnitName=Jumbo-Grocery", "__typename": "PromotionBadge"}, {"alt": "PromotionGroup-Badge", "image": "/INTERSHOP/web/WFS/Jumbo-Grocery-Site/nl_NL/-/EUR/ViewPromotionAttachment-OpenFile?unitName=Jumbo&LocaleId=nl_NL&DirectoryPath=PromotionBadges&FileName=Seizoen.svg", "__typename": "PromotionBadge"}], "__typename": "Promotion"}], "surcharges": [], "__typename": "Product", "crossSells": [], "retailSetProducts": []}, {"id": "438799ZK", "brand": "JUMBO", "category": "Diepvries", "subtitle": "450 g", "title": "Jumbo Blad Spinazie 450g", "image": "https://retrieval.dam-lite.prod.aws.jumbo.com/fit-in/360x360/Products/29092023_1695995260019_1695995270170_8718452544370_1.png", "inAssortment": true, "availability": {"availability": "AVAILABLE", "isAvailable": true, "label": null, "stockLimit": null, "__typename": "ProductAvailability"}, "sponsored": false, "auctionId": null, "link": "/producten/jumbo-blad-spinazie-450g-438799ZK", "retailSet": false, "prices": {"price": 139, "promoPrice": null, "pricePerUnit": {"price": 309, "unit": "kg", "__typename": "PricePerUnit"}, "__typename": "Price"}, "quantityDetails": {"maxAmount": 99, "minAmount": 1, "stepAmount": 1, "defaultAmount": 1, "__typename": "Quantity"}, "primaryBadge": [], "secondaryBadges": [{"alt": "Vriesvers", "image": "/INTERSHOP/static/WFS/Jumbo-Site/Grocery/Jumbo-Grocery/nl_NL/PIMProductBadge/sticker-freeze-51x51.png", "__typename": "Badge"}], "badgeDescription": null, "customerAllergies": {"short": "", "__typename": "CustomerAllergies"}, "promotions": [], "surcharges": [], "__typename": "Product", "crossSells": [], "retailSetProducts": []}, {"id": "211709ZK", "brand": "Jumbo", "category": "Aardappelen, groente en fruit", "subtitle": "500 g", "title": "Jumbo Macaroni en Spaghetti Groente 500g", "image": "https://retrieval.dam-lite.prod.aws.jumbo.com/fit-in/360x360/Products/09082023_1691585109091_1691585119747_8718452311538_1.png", "inAssortment": true, "availability": {"availability": "AVAILABLE", "isAvailable": true, "label": null, "stockLimit": null, "__typename": "ProductAvailability"}, "sponsored": false, "auctionId": null, "link": "/producten/jumbo-macaroni-en-spaghetti-groente-500g-211709ZK", "retailSet": false, "prices": {"price": 239, "promoPrice": null, "pricePerUnit": {"price": 478, "unit": "kg", "__typename": "PricePerUnit"}, "__typename": "Price"}, "quantityDetails": {"maxAmount": 99, "minAmount": 1, "stepAmount": 1, "defaultAmount": 1, "__typename": "Quantity"}, "primaryBadge": [], "secondaryBadges": [{"alt": "THT logo", "image": "/INTERSHOP/static/WFS/Jumbo-Site/Grocery/Jumbo-Grocery/nl_NL/PIMProductBadge/tht-2+.png", "__typename": "Badge"}], "badgeDescription": "2+ dagen houdbaar", "customerAllergies": {"short": "", "__typename": "CustomerAllergies"}, "promotions": [], "surcharges": [], "__typename": "Product", "crossSells": [], "retailSetProducts": []}, {"id": "577635DS", "brand": "JUMBO", "category": "Aardappelen, groente en fruit", "subtitle": "150 g", "title": "Jumbo Fruitstukjes Appel, Kiwi & Blauwe Bessen 150g", "image": "https://retrieval.dam-lite.prod.aws.jumbo.com/fit-in/360x360/Products/11102023_1697034913999_1697034934495_8718452752454_1.png", "inAssortment": true, "availability": {"availability": "AVAILABLE", "isAvailable": true, "label": null, "stockLimit": null, "__typename": "ProductAvailability"}, "sponsored": false, "auctionId": null, "link": "/producten/jumbo-fruitstukjes-appel-kiwi-blauwe-bessen-150g-577635DS", "retailSet": false, "prices": {"price": 229, "promoPrice": null, "pricePerUnit": {"price": 1527, "unit": "kg", "__typename": "PricePerUnit"}, "__typename": "Price"}, "quantityDetails": {"maxAmount": 99, "minAmount": 1, "stepAmount": 1, "defaultAmount": 1, "__typename": "Quantity"}, "primaryBadge": [], "secondaryBadges": [{"alt": "NIEUW", "image": "/INTERSHOP/static/WFS/Jumbo-Site/Grocery/Jumbo-Grocery/nl_NL/PIMProductBadge/nieuw.png", "__typename": "Badge"}], "badgeDescription": null, "customerAllergies": {"short": "", "__typename": "CustomerAllergies"}, "promotions": [{"id": "9396023-C-1", "group": "Seizoen", "isKiesAndMix": true, "image": "/INTERSHOP/static/WFS/Jumbo-Grocery-Site/-/Jumbo-Grocery/nl_NL/Images_Aanbiedingen/2023/Kies%20en%20Mix/KMgesnfruit.png", "tags": [{"text": "3 voor \u20ac 6,00", "inverse": false, "__typename": "PromotionTag"}], "start": {"dayShort": "vr", "date": 3, "monthShort": "nov", "__typename": "PromotionDateTime"}, "end": {"dayShort": "di", "date": 5, "monthShort": "dec", "__typename": "PromotionDateTime"}, "attachments": [{"type": "CustomBadge", "path": "/INTERSHOP/web/WFS/Jumbo-Grocery-Site/nl_NL/-/EUR/ViewPromotionAttachment-OpenFile?LocaleId=nl_NL&DirectoryPath=0003-Kies%26Mix&FileName=Kies_mix_nieuw.png&UnitName=Jumbo-Grocery", "__typename": "PromotionAttachment"}, {"type": "PromotionGroup-Badge", "path": "/INTERSHOP/web/WFS/Jumbo-Grocery-Site/nl_NL/-/EUR/ViewPromotionAttachment-OpenFile?unitName=Jumbo&LocaleId=nl_NL&DirectoryPath=PromotionBadges&FileName=Seizoen.svg", "__typename": "PromotionAttachment"}], "primaryBadge": [{"alt": "CustomBadge", "image": "/INTERSHOP/web/WFS/Jumbo-Grocery-Site/nl_NL/-/EUR/ViewPromotionAttachment-OpenFile?LocaleId=nl_NL&DirectoryPath=0003-Kies%26Mix&FileName=Kies_mix_nieuw.png&UnitName=Jumbo-Grocery", "__typename": "PromotionBadge"}, {"alt": "PromotionGroup-Badge", "image": "/INTERSHOP/web/WFS/Jumbo-Grocery-Site/nl_NL/-/EUR/ViewPromotionAttachment-OpenFile?unitName=Jumbo&LocaleId=nl_NL&DirectoryPath=PromotionBadges&FileName=Seizoen.svg", "__typename": "PromotionBadge"}], "__typename": "Promotion"}], "surcharges": [], "__typename": "Product", "crossSells": [], "retailSetProducts": []}, {"id": "504999STK", "brand": "Jumbo", "category": "Aardappelen, groente en fruit", "subtitle": "100 g", "title": "Jumbo Aspergetips Groen 100g", "image": "https://retrieval.dam-lite.prod.aws.jumbo.com/fit-in/360x360/Products/09082023_1691584709955_1691584726766_8718449050228_1.png", "inAssortment": true, "availability": {"availability": "AVAILABLE", "isAvailable": true, "label": null, "stockLimit": null, "__typename": "ProductAvailability"}, "sponsored": false, "auctionId": null, "link": "/producten/jumbo-aspergetips-groen-100g-504999STK", "retailSet": false, "prices": {"price": 469, "promoPrice": null, "pricePerUnit": {"price": 4690, "unit": "kg", "__typename": "PricePerUnit"}, "__typename": "Price"}, "quantityDetails": {"maxAmount": 99, "minAmount": 1, "stepAmount": 1, "defaultAmount": 1, "__typename": "Quantity"}, "primaryBadge": [], "secondaryBadges": [], "badgeDescription": null, "customerAllergies": {"short": "", "__typename": "CustomerAllergies"}, "promotions": [], "surcharges": [], "__typename": "Product", "crossSells": [], "retailSetProducts": []}, {"id": "571078FLS", "brand": "healthy people", "category": "Aardappelen, groente en fruit", "subtitle": "60 ml", "title": "Healthy People Power Tropische Gember Shot 60ml", "image": "https://retrieval.dam-lite.prod.aws.jumbo.com/fit-in/360x360/Products/09082023_1691592909203_1691592911911_8720157400059_1.png", "inAssortment": true, "availability": {"availability": "AVAILABLE", "isAvailable": true, "label": null, "stockLimit": null, "__typename": "ProductAvailability"}, "sponsored": false, "auctionId": null, "link": "/producten/healthy-people-power-tropische-gember-shot-60ml-571078FLS", "retailSet": false, "prices": {"price": 207, "promoPrice": null, "pricePerUnit": {"price": 3450, "unit": "l", "__typename": "PricePerUnit"}, "__typename": "Price"}, "quantityDetails": {"maxAmount": 99, "minAmount": 1, "stepAmount": 1, "defaultAmount": 1, "__typename": "Quantity"}, "primaryBadge": [], "secondaryBadges": [{"alt": "THT logo", "image": "/INTERSHOP/static/WFS/Jumbo-Site/Grocery/Jumbo-Grocery/nl_NL/PIMProductBadge/tht-10+.png", "__typename": "Badge"}], "badgeDescription": "10+ dagen houdbaar", "customerAllergies": {"short": "", "__typename": "CustomerAllergies"}, "promotions": [], "surcharges": [], "__typename": "Product", "crossSells": [], "retailSetProducts": []}, {"id": "398910DS", "brand": "JUMBO", "category": "Aardappelen, groente en fruit", "subtitle": "250 g", "title": "Jumbo Perzik Partjes 250g", "image": "https://retrieval.dam-lite.prod.aws.jumbo.com/fit-in/360x360/Products/09082023_1691587940623_1691587990349_8718452512621_1.png", "inAssortment": true, "availability": {"availability": "AVAILABLE", "isAvailable": true, "label": null, "stockLimit": null, "__typename": "ProductAvailability"}, "sponsored": false, "auctionId": null, "link": "/producten/jumbo-perzik-partjes-250g-398910DS", "retailSet": false, "prices": {"price": 199, "promoPrice": null, "pricePerUnit": {"price": 796, "unit": "kg", "__typename": "PricePerUnit"}, "__typename": "Price"}, "quantityDetails": {"maxAmount": 99, "minAmount": 1, "stepAmount": 1, "defaultAmount": 1, "__typename": "Quantity"}, "primaryBadge": [], "secondaryBadges": [{"alt": "Vriesvers", "image": "/INTERSHOP/static/WFS/Jumbo-Site/Grocery/Jumbo-Grocery/nl_NL/PIMProductBadge/sticker-freeze-51x51.png", "__typename": "Badge"}], "badgeDescription": null, "customerAllergies": {"short": "", "__typename": "CustomerAllergies"}, "promotions": [], "surcharges": [], "__typename": "Product", "crossSells": [], "retailSetProducts": []}, {"id": "336284ZK", "brand": "Jumbo", "category": "Aardappelen, groente en fruit", "subtitle": "800 g", "title": "Jumbo Kruimige Aardappelen 800g", "image": "https://retrieval.dam-lite.prod.aws.jumbo.com/fit-in/360x360/Products/09082023_1691585111030_1691585133893_8718452309283_1.png", "inAssortment": true, "availability": {"availability": "TEMPORARILY_UNAVAILABLE", "isAvailable": false, "label": "Niet leverbaar", "stockLimit": null, "__typename": "ProductAvailability"}, "sponsored": false, "auctionId": null, "link": "/producten/jumbo-kruimige-aardappelen-800g-336284ZK", "retailSet": false, "prices": {"price": 169, "promoPrice": null, "pricePerUnit": {"price": 211, "unit": "kg", "__typename": "PricePerUnit"}, "__typename": "Price"}, "quantityDetails": {"maxAmount": 99, "minAmount": 1, "stepAmount": 1, "defaultAmount": 1, "__typename": "Quantity"}, "primaryBadge": [], "secondaryBadges": [{"alt": "THT logo", "image": "/INTERSHOP/static/WFS/Jumbo-Site/Grocery/Jumbo-Grocery/nl_NL/PIMProductBadge/tht-2+.png", "__typename": "Badge"}], "badgeDescription": "2+ dagen houdbaar", "customerAllergies": {"short": "", "__typename": "CustomerAllergies"}, "promotions": [], "surcharges": [], "__typename": "Product", "crossSells": [{"sku": "82598KGR", "__typename": "Product"}], "retailSetProducts": []}, {"id": "458821STK", "brand": null, "category": "Aardappelen, groente en fruit", "subtitle": null, "title": "Jumbo Laoswortel ca. 100g", "image": "https://retrieval.dam-lite.prod.aws.jumbo.com/fit-in/360x360/Products/29092023_1695995410173_1695995423201_8718452612352_1.png", "inAssortment": true, "availability": {"availability": "AVAILABLE", "isAvailable": true, "label": null, "stockLimit": null, "__typename": "ProductAvailability"}, "sponsored": false, "auctionId": null, "link": "/producten/jumbo-laoswortel-ca-100g-458821STK", "retailSet": false, "prices": {"price": 198, "promoPrice": null, "pricePerUnit": {"price": 1980, "unit": "kg", "__typename": "PricePerUnit"}, "__typename": "Price"}, "quantityDetails": {"maxAmount": 99, "minAmount": 1, "stepAmount": 1, "defaultAmount": 1, "__typename": "Quantity"}, "primaryBadge": [], "secondaryBadges": [], "badgeDescription": null, "customerAllergies": {"short": "", "__typename": "CustomerAllergies"}, "promotions": [], "surcharges": [], "__typename": "Product", "crossSells": [], "retailSetProducts": []}, {"id": "127872STK", "brand": "AliBab\u00e1", "category": "Aardappelen, groente en fruit", "subtitle": "450 GMS.", "title": "Sweet Tamarinde 450g", "image": "https://retrieval.dam-lite.prod.aws.jumbo.com/fit-in/360x360/Products/18092023_1695031625134_1695031637468_8856884001679_1.png", "inAssortment": true, "availability": {"availability": "AVAILABLE", "isAvailable": true, "label": null, "stockLimit": null, "__typename": "ProductAvailability"}, "sponsored": false, "auctionId": null, "link": "/producten/sweet-tamarinde-450g-127872STK", "retailSet": false, "prices": {"price": 349, "promoPrice": null, "pricePerUnit": {"price": 776, "unit": "kg", "__typename": "PricePerUnit"}, "__typename": "Price"}, "quantityDetails": {"maxAmount": 99, "minAmount": 1, "stepAmount": 1, "defaultAmount": 1, "__typename": "Quantity"}, "primaryBadge": [], "secondaryBadges": [], "badgeDescription": null, "customerAllergies": {"short": "", "__typename": "CustomerAllergies"}, "promotions": [], "surcharges": [], "__typename": "Product", "crossSells": [], "retailSetProducts": []}, {"id": "500650BAK", "brand": "FRITES UIT ZUYD", "category": "Aardappelen, groente en fruit", "subtitle": "500 g", "title": "Frites uit Zuyd Verse Frites om Zelf af te Bakken 500g", "image": "https://retrieval.dam-lite.prod.aws.jumbo.com/fit-in/360x360/Products/06112023_1699270622533_1699270629295_8719327336557_1.png", "inAssortment": true, "availability": {"availability": "AVAILABLE", "isAvailable": true, "label": null, "stockLimit": null, "__typename": "ProductAvailability"}, "sponsored": false, "auctionId": null, "link": "/producten/frites-uit-zuyd-verse-frites-om-zelf-af-te-bakken-500g-500650BAK", "retailSet": false, "prices": {"price": 299, "promoPrice": null, "pricePerUnit": {"price": 598, "unit": "kg", "__typename": "PricePerUnit"}, "__typename": "Price"}, "quantityDetails": {"maxAmount": 99, "minAmount": 1, "stepAmount": 1, "defaultAmount": 1, "__typename": "Quantity"}, "primaryBadge": [], "secondaryBadges": [{"alt": "THT logo", "image": "/INTERSHOP/static/WFS/Jumbo-Site/Grocery/Jumbo-Grocery/nl_NL/PIMProductBadge/tht-7+.png", "__typename": "Badge"}], "badgeDescription": "7+ dagen houdbaar", "customerAllergies": {"short": "", "__typename": "CustomerAllergies"}, "promotions": [], "surcharges": [], "__typename": "Product", "crossSells": [{"sku": "499177TUB", "__typename": "Product"}], "retailSetProducts": []}, {"id": "423364TRA", "brand": "JUMBO", "category": "Aardappelen, groente en fruit", "subtitle": "425 g", "title": "Jumbo Oven Krieltjes Kruidenbotersmaak 425g", "image": "https://retrieval.dam-lite.prod.aws.jumbo.com/fit-in/360x360/Products/09082023_1691588064167_1691588075006_8718452548149_1.png", "inAssortment": true, "availability": {"availability": "AVAILABLE", "isAvailable": true, "label": null, "stockLimit": null, "__typename": "ProductAvailability"}, "sponsored": false, "auctionId": null, "link": "/producten/jumbo-oven-krieltjes-kruidenbotersmaak-425g-423364TRA", "retailSet": false, "prices": {"price": 259, "promoPrice": null, "pricePerUnit": {"price": 609, "unit": "kg", "__typename": "PricePerUnit"}, "__typename": "Price"}, "quantityDetails": {"maxAmount": 99, "minAmount": 1, "stepAmount": 1, "defaultAmount": 1, "__typename": "Quantity"}, "primaryBadge": [], "secondaryBadges": [{"alt": "THT logo", "image": "/INTERSHOP/static/WFS/Jumbo-Site/Grocery/Jumbo-Grocery/nl_NL/PIMProductBadge/tht-8+.png", "__typename": "Badge"}], "badgeDescription": "8+ dagen houdbaar", "customerAllergies": {"short": "", "__typename": "CustomerAllergies"}, "promotions": [], "surcharges": [], "__typename": "Product", "crossSells": [], "retailSetProducts": []}, {"id": "562796ZK", "brand": "Jumbo", "category": "Aardappelen, groente en fruit", "subtitle": "200 g", "title": "Jumbo IJsbergsla 200g", "image": "https://retrieval.dam-lite.prod.aws.jumbo.com/fit-in/360x360/Products/09082023_1691585200842_1691585210218_8718452316045_1.png", "inAssortment": true, "availability": {"availability": "AVAILABLE", "isAvailable": true, "label": null, "stockLimit": null, "__typename": "ProductAvailability"}, "sponsored": false, "auctionId": null, "link": "/producten/jumbo-ijsbergsla-200g-562796ZK", "retailSet": false, "prices": {"price": 113, "promoPrice": null, "pricePerUnit": {"price": 565, "unit": "kg", "__typename": "PricePerUnit"}, "__typename": "Price"}, "quantityDetails": {"maxAmount": 99, "minAmount": 1, "stepAmount": 1, "defaultAmount": 1, "__typename": "Quantity"}, "primaryBadge": [], "secondaryBadges": [{"alt": "THT logo", "image": "/INTERSHOP/static/WFS/Jumbo-Site/Grocery/Jumbo-Grocery/nl_NL/PIMProductBadge/tht-2+.png", "__typename": "Badge"}], "badgeDescription": "2+ dagen houdbaar", "customerAllergies": {"short": "", "__typename": "CustomerAllergies"}, "promotions": [], "surcharges": [], "__typename": "Product", "crossSells": [], "retailSetProducts": []}, {"id": "530937FLS", "brand": "JUMBO", "category": "Frisdrank en sappen", "subtitle": "1 L", "title": "Jumbo Vers Sap Sinaasappel 1L", "image": "https://retrieval.dam-lite.prod.aws.jumbo.com/fit-in/360x360/Products/28082023_1693215185631_1693215191504_8718452668632_1.png", "inAssortment": true, "availability": {"availability": "AVAILABLE", "isAvailable": true, "label": null, "stockLimit": null, "__typename": "ProductAvailability"}, "sponsored": false, "auctionId": null, "link": "/producten/jumbo-vers-sap-sinaasappel-1l-530937FLS", "retailSet": false, "prices": {"price": 369, "promoPrice": null, "pricePerUnit": {"price": 369, "unit": "l", "__typename": "PricePerUnit"}, "__typename": "Price"}, "quantityDetails": {"maxAmount": 99, "minAmount": 1, "stepAmount": 1, "defaultAmount": 1, "__typename": "Quantity"}, "primaryBadge": [], "secondaryBadges": [{"alt": "THT logo", "image": "/INTERSHOP/static/WFS/Jumbo-Site/Grocery/Jumbo-Grocery/nl_NL/PIMProductBadge/tht-10+.png", "__typename": "Badge"}], "badgeDescription": "10+ dagen houdbaar", "customerAllergies": {"short": "", "__typename": "CustomerAllergies"}, "promotions": [], "surcharges": [], "__typename": "Product", "crossSells": [], "retailSetProducts": []}, {"id": "528413STK", "brand": null, "category": "Aardappelen, groente en fruit", "subtitle": "400 g", "title": "Jumbo Cocktail Tros Tomaten 400g", "image": "https://retrieval.dam-lite.prod.aws.jumbo.com/fit-in/360x360/Products/528413_8718452701537_1_T1_528413STK1691078965119.png", "inAssortment": true, "availability": {"availability": "AVAILABLE", "isAvailable": true, "label": null, "stockLimit": null, "__typename": "ProductAvailability"}, "sponsored": false, "auctionId": null, "link": "/producten/jumbo-cocktail-tros-tomaten-400g-528413STK", "retailSet": false, "prices": {"price": 239, "promoPrice": null, "pricePerUnit": {"price": 598, "unit": "kg", "__typename": "PricePerUnit"}, "__typename": "Price"}, "quantityDetails": {"maxAmount": 99, "minAmount": 1, "stepAmount": 1, "defaultAmount": 1, "__typename": "Quantity"}, "primaryBadge": [], "secondaryBadges": [{"alt": "Van dichtbij", "image": "/INTERSHOP/static/WFS/Jumbo-Site/Grocery/Jumbo-Grocery/nl_NL/PIMProductBadge/van-dichtbij.png", "__typename": "Badge"}], "badgeDescription": null, "customerAllergies": {"short": "", "__typename": "CustomerAllergies"}, "promotions": [], "surcharges": [], "__typename": "Product", "crossSells": [], "retailSetProducts": []}, {"id": "510303ZK", "brand": "JUMBO", "category": "Aardappelen, groente en fruit", "subtitle": "1 kg", "title": "Jumbo Aardappelen Zilt Vastkokend 1kg", "image": "https://retrieval.dam-lite.prod.aws.jumbo.com/fit-in/360x360/Products/28092023_1695921134249_1695921140892_8718452644513_1.png", "inAssortment": true, "availability": {"availability": "AVAILABLE", "isAvailable": true, "label": null, "stockLimit": null, "__typename": "ProductAvailability"}, "sponsored": false, "auctionId": null, "link": "/producten/jumbo-aardappelen-zilt-vastkokend-1kg-510303ZK", "retailSet": false, "prices": {"price": 199, "promoPrice": null, "pricePerUnit": {"price": 199, "unit": "kg", "__typename": "PricePerUnit"}, "__typename": "Price"}, "quantityDetails": {"maxAmount": 99, "minAmount": 1, "stepAmount": 1, "defaultAmount": 1, "__typename": "Quantity"}, "primaryBadge": [], "secondaryBadges": [{"alt": "NIEUW", "image": "/INTERSHOP/static/WFS/Jumbo-Site/Grocery/Jumbo-Grocery/nl_NL/PIMProductBadge/nieuw.png", "__typename": "Badge"}, {"alt": "Van dichtbij", "image": "/INTERSHOP/static/WFS/Jumbo-Site/Grocery/Jumbo-Grocery/nl_NL/PIMProductBadge/van-dichtbij.png", "__typename": "Badge"}], "badgeDescription": null, "customerAllergies": {"short": "", "__typename": "CustomerAllergies"}, "promotions": [], "surcharges": [], "__typename": "Product", "crossSells": [], "retailSetProducts": []}, {"id": "211720PAK", "brand": "JUMBO", "category": "Aardappelen, groente en fruit", "subtitle": "450 g", "title": "Jumbo Nasi Pakket 450g", "image": "https://retrieval.dam-lite.prod.aws.jumbo.com/fit-in/360x360/Products/09082023_1691596113511_1691596121149_8718452311545_1.png", "inAssortment": true, "availability": {"availability": "AVAILABLE", "isAvailable": true, "label": null, "stockLimit": null, "__typename": "ProductAvailability"}, "sponsored": false, "auctionId": null, "link": "/producten/jumbo-nasi-pakket-450g-211720PAK", "retailSet": false, "prices": {"price": 170, "promoPrice": null, "pricePerUnit": {"price": 378, "unit": "kg", "__typename": "PricePerUnit"}, "__typename": "Price"}, "quantityDetails": {"maxAmount": 99, "minAmount": 1, "stepAmount": 1, "defaultAmount": 1, "__typename": "Quantity"}, "primaryBadge": [], "secondaryBadges": [{"alt": "THT logo", "image": "/INTERSHOP/static/WFS/Jumbo-Site/Grocery/Jumbo-Grocery/nl_NL/PIMProductBadge/tht-2+.png", "__typename": "Badge"}], "badgeDescription": "2+ dagen houdbaar", "customerAllergies": {"short": "", "__typename": "CustomerAllergies"}, "promotions": [], "surcharges": [], "__typename": "Product", "crossSells": [], "retailSetProducts": []}, {"id": "571079FLS", "brand": "innocent", "category": "Aardappelen, groente en fruit", "subtitle": "300 ml", "title": "Innocent Super Smoothie Exotic Defence 300ml", "image": "https://retrieval.dam-lite.prod.aws.jumbo.com/fit-in/360x360/Products/09082023_1691594325489_1691594330835_5038862002783_1.png", "inAssortment": true, "availability": {"availability": "AVAILABLE", "isAvailable": true, "label": null, "stockLimit": null, "__typename": "ProductAvailability"}, "sponsored": false, "auctionId": null, "link": "/producten/innocent-super-smoothie-exotic-defence-300ml-571079FLS", "retailSet": false, "prices": {"price": 285, "promoPrice": null, "pricePerUnit": {"price": 950, "unit": "l", "__typename": "PricePerUnit"}, "__typename": "Price"}, "quantityDetails": {"maxAmount": 99, "minAmount": 1, "stepAmount": 1, "defaultAmount": 1, "__typename": "Quantity"}, "primaryBadge": [], "secondaryBadges": [{"alt": "THT logo", "image": "/INTERSHOP/static/WFS/Jumbo-Site/Grocery/Jumbo-Grocery/nl_NL/PIMProductBadge/tht-8+.png", "__typename": "Badge"}], "badgeDescription": "8+ dagen houdbaar", "customerAllergies": {"short": "", "__typename": "CustomerAllergies"}, "promotions": [], "surcharges": [], "__typename": "Product", "crossSells": [], "retailSetProducts": []}, {"id": "329574ZK", "brand": "Jumbo", "category": "Aardappelen, groente en fruit", "subtitle": "400 g", "title": "Jumbo Thaise Wokgroente 400g", "image": "https://retrieval.dam-lite.prod.aws.jumbo.com/fit-in/360x360/Products/09082023_1691585003093_1691585026826_8718452329809_1.png", "inAssortment": true, "availability": {"availability": "AVAILABLE", "isAvailable": true, "label": null, "stockLimit": null, "__typename": "ProductAvailability"}, "sponsored": false, "auctionId": null, "link": "/producten/jumbo-thaise-wokgroente-400g-329574ZK", "retailSet": false, "prices": {"price": 329, "promoPrice": null, "pricePerUnit": {"price": 823, "unit": "kg", "__typename": "PricePerUnit"}, "__typename": "Price"}, "quantityDetails": {"maxAmount": 99, "minAmount": 1, "stepAmount": 1, "defaultAmount": 1, "__typename": "Quantity"}, "primaryBadge": [], "secondaryBadges": [{"alt": "THT logo", "image": "/INTERSHOP/static/WFS/Jumbo-Site/Grocery/Jumbo-Grocery/nl_NL/PIMProductBadge/tht-2+.png", "__typename": "Badge"}], "badgeDescription": "2+ dagen houdbaar", "customerAllergies": {"short": "", "__typename": "CustomerAllergies"}, "promotions": [], "surcharges": [], "__typename": "Product", "crossSells": [], "retailSetProducts": []}, {"id": "547251FLS", "brand": "JUMBO", "category": "Frisdrank en sappen", "subtitle": "125 ml", "title": "Jumbo Gembershot (9%) Mild Mango 125ML", "image": "https://retrieval.dam-lite.prod.aws.jumbo.com/fit-in/360x360/Products/547251_8718452712403_1_T1_491070FLS1691076705457.png", "inAssortment": true, "availability": {"availability": "AVAILABLE", "isAvailable": true, "label": null, "stockLimit": null, "__typename": "ProductAvailability"}, "sponsored": false, "auctionId": null, "link": "/producten/jumbo-gembershot-9-mild-mango-125ml-547251FLS", "retailSet": false, "prices": {"price": 100, "promoPrice": null, "pricePerUnit": {"price": 800, "unit": "l", "__typename": "PricePerUnit"}, "__typename": "Price"}, "quantityDetails": {"maxAmount": 99, "minAmount": 1, "stepAmount": 1, "defaultAmount": 1, "__typename": "Quantity"}, "primaryBadge": [], "secondaryBadges": [{"alt": "THT logo", "image": "/INTERSHOP/static/WFS/Jumbo-Site/Grocery/Jumbo-Grocery/nl_NL/PIMProductBadge/tht-10+.png", "__typename": "Badge"}], "badgeDescription": "10+ dagen houdbaar", "customerAllergies": {"short": "", "__typename": "CustomerAllergies"}, "promotions": [], "surcharges": [], "__typename": "Product", "crossSells": [], "retailSetProducts": []}, {"id": "462774PAK", "brand": "Jumbo", "category": "Aardappelen, groente en fruit", "subtitle": "100 g", "title": "Jumbo Shiitake 100g", "image": "https://retrieval.dam-lite.prod.aws.jumbo.com/fit-in/360x360/Products/18092023_1695034403089_1695034413113_8718452323142_1.png", "inAssortment": true, "availability": {"availability": "AVAILABLE", "isAvailable": true, "label": null, "stockLimit": null, "__typename": "ProductAvailability"}, "sponsored": false, "auctionId": null, "link": "/producten/jumbo-shiitake-100g-462774PAK", "retailSet": false, "prices": {"price": 249, "promoPrice": null, "pricePerUnit": {"price": 2490, "unit": "kg", "__typename": "PricePerUnit"}, "__typename": "Price"}, "quantityDetails": {"maxAmount": 99, "minAmount": 1, "stepAmount": 1, "defaultAmount": 1, "__typename": "Quantity"}, "primaryBadge": [], "secondaryBadges": [{"alt": "THT logo", "image": "/INTERSHOP/static/WFS/Jumbo-Site/Grocery/Jumbo-Grocery/nl_NL/PIMProductBadge/tht-2+.png", "__typename": "Badge"}, {"alt": "Van dichtbij", "image": "/INTERSHOP/static/WFS/Jumbo-Site/Grocery/Jumbo-Grocery/nl_NL/PIMProductBadge/van-dichtbij.png", "__typename": "Badge"}], "badgeDescription": "2+ dagen houdbaar", "customerAllergies": {"short": "", "__typename": "CustomerAllergies"}, "promotions": [], "surcharges": [], "__typename": "Product", "crossSells": [{"sku": "446398PAK", "__typename": "Product"}], "retailSetProducts": []}, {"id": "343944ZK", "brand": "Jumbo", "category": "Aardappelen, groente en fruit", "subtitle": "200 g", "title": "Jumbo Fijngesneden IJsbergsla 200g", "image": "https://retrieval.dam-lite.prod.aws.jumbo.com/fit-in/360x360/Products/09082023_1691586715257_1691586742649_8718452454303_1.png", "inAssortment": true, "availability": {"availability": "TEMPORARILY_UNAVAILABLE", "isAvailable": false, "label": "Niet leverbaar", "stockLimit": null, "__typename": "ProductAvailability"}, "sponsored": false, "auctionId": null, "link": "/producten/jumbo-fijngesneden-ijsbergsla-200g-343944ZK", "retailSet": false, "prices": {"price": 150, "promoPrice": null, "pricePerUnit": {"price": 750, "unit": "kg", "__typename": "PricePerUnit"}, "__typename": "Price"}, "quantityDetails": {"maxAmount": 99, "minAmount": 1, "stepAmount": 1, "defaultAmount": 1, "__typename": "Quantity"}, "primaryBadge": [], "secondaryBadges": [{"alt": "THT logo", "image": "/INTERSHOP/static/WFS/Jumbo-Site/Grocery/Jumbo-Grocery/nl_NL/PIMProductBadge/tht-2+.png", "__typename": "Badge"}], "badgeDescription": "2+ dagen houdbaar", "customerAllergies": {"short": "", "__typename": "CustomerAllergies"}, "promotions": [], "surcharges": [], "__typename": "Product", "crossSells": [], "retailSetProducts": []}, {"id": "159564STK", "brand": "Jumbo", "category": "Aardappelen, groente en fruit", "subtitle": null, "title": "Jumbo Rode Paprika Biologisch", "image": "https://retrieval.dam-lite.prod.aws.jumbo.com/fit-in/360x360/Products/18092023_1695027956468_1695027964383_8718452107636_1.png", "inAssortment": true, "availability": {"availability": "AVAILABLE", "isAvailable": true, "label": null, "stockLimit": null, "__typename": "ProductAvailability"}, "sponsored": false, "auctionId": null, "link": "/producten/jumbo-rode-paprika-biologisch-159564STK", "retailSet": false, "prices": {"price": 159, "promoPrice": null, "pricePerUnit": {"price": 159, "unit": "pieces", "__typename": "PricePerUnit"}, "__typename": "Price"}, "quantityDetails": {"maxAmount": 99, "minAmount": 1, "stepAmount": 1, "defaultAmount": 1, "__typename": "Quantity"}, "primaryBadge": [], "secondaryBadges": [], "badgeDescription": null, "customerAllergies": {"short": "", "__typename": "CustomerAllergies"}, "promotions": [], "surcharges": [], "__typename": "Product", "crossSells": [{"sku": "437864POT", "__typename": "Product"}], "retailSetProducts": []}, {"id": "582524ZK", "brand": "JUMBO", "category": "Aardappelen, groente en fruit", "subtitle": "3 stuks", "title": "Jumbo Lila Aubergine 3 Stuks", "image": "https://retrieval.dam-lite.prod.aws.jumbo.com/fit-in/360x360/Products/25082023_1692974047896_1692974052603_8718452777358_1.png", "inAssortment": true, "availability": {"availability": "AVAILABLE", "isAvailable": true, "label": null, "stockLimit": null, "__typename": "ProductAvailability"}, "sponsored": false, "auctionId": null, "link": "/producten/jumbo-lila-aubergine-3-stuks-582524ZK", "retailSet": false, "prices": {"price": 199, "promoPrice": null, "pricePerUnit": {"price": 66, "unit": "pieces", "__typename": "PricePerUnit"}, "__typename": "Price"}, "quantityDetails": {"maxAmount": 99, "minAmount": 1, "stepAmount": 1, "defaultAmount": 1, "__typename": "Quantity"}, "primaryBadge": [], "secondaryBadges": [], "badgeDescription": null, "customerAllergies": {"short": "", "__typename": "CustomerAllergies"}, "promotions": [], "surcharges": [], "__typename": "Product", "crossSells": [], "retailSetProducts": []}, {"id": "506769ZK", "brand": "JUMBO", "category": "Aardappelen, groente en fruit", "subtitle": "150 g", "title": "Jumbo Gesneden Rode Uien 150g", "image": "https://retrieval.dam-lite.prod.aws.jumbo.com/fit-in/360x360/Products/09082023_1691592960146_1691592964290_8718452637102_1.png", "inAssortment": true, "availability": {"availability": "AVAILABLE", "isAvailable": true, "label": null, "stockLimit": null, "__typename": "ProductAvailability"}, "sponsored": false, "auctionId": null, "link": "/producten/jumbo-gesneden-rode-uien-150g-506769ZK", "retailSet": false, "prices": {"price": 189, "promoPrice": null, "pricePerUnit": {"price": 1260, "unit": "kg", "__typename": "PricePerUnit"}, "__typename": "Price"}, "quantityDetails": {"maxAmount": 99, "minAmount": 1, "stepAmount": 1, "defaultAmount": 1, "__typename": "Quantity"}, "primaryBadge": [], "secondaryBadges": [{"alt": "THT logo", "image": "/INTERSHOP/static/WFS/Jumbo-Site/Grocery/Jumbo-Grocery/nl_NL/PIMProductBadge/tht-2+.png", "__typename": "Badge"}], "badgeDescription": "2+ dagen houdbaar", "customerAllergies": {"short": "", "__typename": "CustomerAllergies"}, "promotions": [], "surcharges": [], "__typename": "Product", "crossSells": [], "retailSetProducts": []}, {"id": "591490STK", "brand": "Jumbo", "category": "Aardappelen, groente en fruit", "subtitle": "150 g", "title": "Jumbo Rauwkost Komkommer 150g", "image": "https://retrieval.dam-lite.prod.aws.jumbo.com/fit-in/360x360/Products/212638STK1df6562c2-48d1-49fd-bbb5-c9533a9abdd1-1695743387892.png", "inAssortment": true, "availability": {"availability": "AVAILABLE", "isAvailable": true, "label": null, "stockLimit": null, "__typename": "ProductAvailability"}, "sponsored": false, "auctionId": null, "link": "/producten/jumbo-rauwkost-komkommer-150g-591490STK", "retailSet": false, "prices": {"price": 229, "promoPrice": null, "pricePerUnit": {"price": 1527, "unit": "kg", "__typename": "PricePerUnit"}, "__typename": "Price"}, "quantityDetails": {"maxAmount": 99, "minAmount": 1, "stepAmount": 1, "defaultAmount": 1, "__typename": "Quantity"}, "primaryBadge": [], "secondaryBadges": [{"alt": "THT logo", "image": "/INTERSHOP/static/WFS/Jumbo-Site/Grocery/Jumbo-Grocery/nl_NL/PIMProductBadge/tht-1+.png", "__typename": "Badge"}, {"alt": "NIEUW", "image": "/INTERSHOP/static/WFS/Jumbo-Site/Grocery/Jumbo-Grocery/nl_NL/PIMProductBadge/nieuw.png", "__typename": "Badge"}], "badgeDescription": "1+ dagen houdbaar", "customerAllergies": {"short": "", "__typename": "CustomerAllergies"}, "promotions": [], "surcharges": [], "__typename": "Product", "crossSells": [], "retailSetProducts": []}, {"id": "578015DS", "brand": "JUMBO", "category": "Aardappelen, groente en fruit", "subtitle": "150 g", "title": "Jumbo Fruitstukjes Ananas, Watermeloen, Mango, Cantaloupemeloen & Blauwe Bes 150g", "image": "https://retrieval.dam-lite.prod.aws.jumbo.com/fit-in/360x360/Products/09082023_1691594178819_1691594183850_8718452727971_1.png", "inAssortment": true, "availability": {"availability": "TEMPORARILY_UNAVAILABLE", "isAvailable": false, "label": "Niet leverbaar", "stockLimit": null, "__typename": "ProductAvailability"}, "sponsored": false, "auctionId": null, "link": "/producten/jumbo-fruitstukjes-ananas-watermeloen-mango-cantaloupemeloen-blauwe-bes-150g-578015DS", "retailSet": false, "prices": {"price": 229, "promoPrice": null, "pricePerUnit": {"price": 1527, "unit": "kg", "__typename": "PricePerUnit"}, "__typename": "Price"}, "quantityDetails": {"maxAmount": 99, "minAmount": 1, "stepAmount": 1, "defaultAmount": 1, "__typename": "Quantity"}, "primaryBadge": [], "secondaryBadges": [], "badgeDescription": null, "customerAllergies": {"short": "", "__typename": "CustomerAllergies"}, "promotions": [{"id": "9396023-C-1", "group": "Seizoen", "isKiesAndMix": true, "image": "/INTERSHOP/static/WFS/Jumbo-Grocery-Site/-/Jumbo-Grocery/nl_NL/Images_Aanbiedingen/2023/Kies%20en%20Mix/KMgesnfruit.png", "tags": [{"text": "3 voor \u20ac 6,00", "inverse": false, "__typename": "PromotionTag"}], "start": {"dayShort": "vr", "date": 3, "monthShort": "nov", "__typename": "PromotionDateTime"}, "end": {"dayShort": "di", "date": 5, "monthShort": "dec", "__typename": "PromotionDateTime"}, "attachments": [{"type": "CustomBadge", "path": "/INTERSHOP/web/WFS/Jumbo-Grocery-Site/nl_NL/-/EUR/ViewPromotionAttachment-OpenFile?LocaleId=nl_NL&DirectoryPath=0003-Kies%26Mix&FileName=Kies_mix_nieuw.png&UnitName=Jumbo-Grocery", "__typename": "PromotionAttachment"}, {"type": "PromotionGroup-Badge", "path": "/INTERSHOP/web/WFS/Jumbo-Grocery-Site/nl_NL/-/EUR/ViewPromotionAttachment-OpenFile?unitName=Jumbo&LocaleId=nl_NL&DirectoryPath=PromotionBadges&FileName=Seizoen.svg", "__typename": "PromotionAttachment"}], "primaryBadge": [{"alt": "CustomBadge", "image": "/INTERSHOP/web/WFS/Jumbo-Grocery-Site/nl_NL/-/EUR/ViewPromotionAttachment-OpenFile?LocaleId=nl_NL&DirectoryPath=0003-Kies%26Mix&FileName=Kies_mix_nieuw.png&UnitName=Jumbo-Grocery", "__typename": "PromotionBadge"}, {"alt": "PromotionGroup-Badge", "image": "/INTERSHOP/web/WFS/Jumbo-Grocery-Site/nl_NL/-/EUR/ViewPromotionAttachment-OpenFile?unitName=Jumbo&LocaleId=nl_NL&DirectoryPath=PromotionBadges&FileName=Seizoen.svg", "__typename": "PromotionBadge"}], "__typename": "Promotion"}], "surcharges": [], "__typename": "Product", "crossSells": [], "retailSetProducts": []}, {"id": "551191SC", "brand": "JUMBO", "category": "Aardappelen, groente en fruit", "subtitle": "300 G", "title": "Jumbo Zoet & Sappig Mini Roma Trostomaten 300g", "image": "https://retrieval.dam-lite.prod.aws.jumbo.com/fit-in/360x360/Products/09082023_1691592793675_1691592800347_8718452720835_1.png", "inAssortment": true, "availability": {"availability": "AVAILABLE", "isAvailable": true, "label": null, "stockLimit": null, "__typename": "ProductAvailability"}, "sponsored": false, "auctionId": null, "link": "/producten/jumbo-zoet-sappig-mini-roma-trostomaten-300g-551191SC", "retailSet": false, "prices": {"price": 287, "promoPrice": null, "pricePerUnit": {"price": 957, "unit": "kg", "__typename": "PricePerUnit"}, "__typename": "Price"}, "quantityDetails": {"maxAmount": 99, "minAmount": 1, "stepAmount": 1, "defaultAmount": 1, "__typename": "Quantity"}, "primaryBadge": [], "secondaryBadges": [{"alt": "Van dichtbij", "image": "/INTERSHOP/static/WFS/Jumbo-Site/Grocery/Jumbo-Grocery/nl_NL/PIMProductBadge/van-dichtbij.png", "__typename": "Badge"}], "badgeDescription": null, "customerAllergies": {"short": "", "__typename": "CustomerAllergies"}, "promotions": [], "surcharges": [], "__typename": "Product", "crossSells": [], "retailSetProducts": []}, {"id": "57015PAK", "brand": "Jumbo", "category": "Wereldkeukens, kruiden, pasta en rijst", "subtitle": "2 x 138 g", "title": "Jumbo Aardappelpuree Zakjes Naturel 2 x 138g", "image": "https://retrieval.dam-lite.prod.aws.jumbo.com/fit-in/360x360/Products/10082023_1691674902673_1691674914141_8711715823731_1.png", "inAssortment": true, "availability": {"availability": "AVAILABLE", "isAvailable": true, "label": null, "stockLimit": null, "__typename": "ProductAvailability"}, "sponsored": false, "auctionId": null, "link": "/producten/jumbo-aardappelpuree-zakjes-naturel-2-x-138g-57015PAK", "retailSet": false, "prices": {"price": 100, "promoPrice": null, "pricePerUnit": {"price": 362, "unit": "kg", "__typename": "PricePerUnit"}, "__typename": "Price"}, "quantityDetails": {"maxAmount": 99, "minAmount": 1, "stepAmount": 1, "defaultAmount": 1, "__typename": "Quantity"}, "primaryBadge": [], "secondaryBadges": [], "badgeDescription": null, "customerAllergies": {"short": "", "__typename": "CustomerAllergies"}, "promotions": [], "surcharges": [], "__typename": "Product", "crossSells": [], "retailSetProducts": []}, {"id": "302242STK", "brand": "JUMBO", "category": "Aardappelen, groente en fruit", "subtitle": null, "title": "Jumbo Paprika Geel", "image": "https://retrieval.dam-lite.prod.aws.jumbo.com/fit-in/360x360/Products/29092023_1695994872492_1695994878263_8711715882417_1.png", "inAssortment": true, "availability": {"availability": "AVAILABLE", "isAvailable": true, "label": null, "stockLimit": null, "__typename": "ProductAvailability"}, "sponsored": false, "auctionId": null, "link": "/producten/jumbo-paprika-geel-302242STK", "retailSet": false, "prices": {"price": 109, "promoPrice": null, "pricePerUnit": {"price": 109, "unit": "pieces", "__typename": "PricePerUnit"}, "__typename": "Price"}, "quantityDetails": {"maxAmount": 99, "minAmount": 1, "stepAmount": 1, "defaultAmount": 1, "__typename": "Quantity"}, "primaryBadge": [], "secondaryBadges": [], "badgeDescription": null, "customerAllergies": {"short": "", "__typename": "CustomerAllergies"}, "promotions": [], "surcharges": [], "__typename": "Product", "crossSells": [], "retailSetProducts": []}, {"id": "546049ZK", "brand": "Jumbo", "category": "Aardappelen, groente en fruit", "subtitle": "1000 g", "title": "Jumbo Verse friet 1kg", "image": "https://retrieval.dam-lite.prod.aws.jumbo.com/fit-in/360x360/Products/09082023_1691592272809_1691592309470_8718452705146_1.png", "inAssortment": true, "availability": {"availability": "AVAILABLE", "isAvailable": true, "label": null, "stockLimit": null, "__typename": "ProductAvailability"}, "sponsored": false, "auctionId": null, "link": "/producten/jumbo-verse-friet-1kg-546049ZK", "retailSet": false, "prices": {"price": 249, "promoPrice": null, "pricePerUnit": {"price": 249, "unit": "kg", "__typename": "PricePerUnit"}, "__typename": "Price"}, "quantityDetails": {"maxAmount": 99, "minAmount": 1, "stepAmount": 1, "defaultAmount": 1, "__typename": "Quantity"}, "primaryBadge": [], "secondaryBadges": [{"alt": "THT logo", "image": "/INTERSHOP/static/WFS/Jumbo-Site/Grocery/Jumbo-Grocery/nl_NL/PIMProductBadge/tht-5+.png", "__typename": "Badge"}], "badgeDescription": "5+ dagen houdbaar", "customerAllergies": {"short": "", "__typename": "CustomerAllergies"}, "promotions": [], "surcharges": [], "__typename": "Product", "crossSells": [], "retailSetProducts": []}, {"id": "579222ZK", "brand": "JUMBO", "category": "Aardappelen, groente en fruit", "subtitle": "40 g", "title": "Jumbo Koriander Vers 40 g - Voordeelverpakking", "image": "https://retrieval.dam-lite.prod.aws.jumbo.com/fit-in/360x360/Products/05092023_1693928047340_1693928054922_8718452772230_1.png", "inAssortment": true, "availability": {"availability": "AVAILABLE", "isAvailable": true, "label": null, "stockLimit": null, "__typename": "ProductAvailability"}, "sponsored": false, "auctionId": null, "link": "/producten/jumbo-koriander-vers-40-g-voordeelverpakking-579222ZK", "retailSet": false, "prices": {"price": 139, "promoPrice": null, "pricePerUnit": {"price": 3475, "unit": "kg", "__typename": "PricePerUnit"}, "__typename": "Price"}, "quantityDetails": {"maxAmount": 99, "minAmount": 1, "stepAmount": 1, "defaultAmount": 1, "__typename": "Quantity"}, "primaryBadge": [], "secondaryBadges": [{"alt": "THT logo", "image": "/INTERSHOP/static/WFS/Jumbo-Site/Grocery/Jumbo-Grocery/nl_NL/PIMProductBadge/tht-2+.png", "__typename": "Badge"}], "badgeDescription": "2+ dagen houdbaar", "customerAllergies": {"short": "", "__typename": "CustomerAllergies"}, "promotions": [], "surcharges": [], "__typename": "Product", "crossSells": [], "retailSetProducts": []}, {"id": "302240STK", "brand": "JUMBO", "category": "Aardappelen, groente en fruit", "subtitle": null, "title": "Jumbo Paprika Rood", "image": "https://retrieval.dam-lite.prod.aws.jumbo.com/fit-in/360x360/Products/29092023_1695994872410_1695994876216_8711715882455_1.png", "inAssortment": true, "availability": {"availability": "AVAILABLE", "isAvailable": true, "label": null, "stockLimit": null, "__typename": "ProductAvailability"}, "sponsored": false, "auctionId": null, "link": "/producten/jumbo-paprika-rood-302240STK", "retailSet": false, "prices": {"price": 96, "promoPrice": null, "pricePerUnit": {"price": 96, "unit": "pieces", "__typename": "PricePerUnit"}, "__typename": "Price"}, "quantityDetails": {"maxAmount": 99, "minAmount": 1, "stepAmount": 1, "defaultAmount": 1, "__typename": "Quantity"}, "primaryBadge": [], "secondaryBadges": [], "badgeDescription": null, "customerAllergies": {"short": "", "__typename": "CustomerAllergies"}, "promotions": [], "surcharges": [], "__typename": "Product", "crossSells": [], "retailSetProducts": []}, {"id": "204503STK", "brand": "Jumbo", "category": "Aardappelen, groente en fruit", "subtitle": "15 G", "title": "Jumbo Koriander Vers 15g", "image": "https://retrieval.dam-lite.prod.aws.jumbo.com/fit-in/360x360/Products/09082023_1691584971833_1691584978144_8718452299850_1.png", "inAssortment": true, "availability": {"availability": "AVAILABLE", "isAvailable": true, "label": null, "stockLimit": null, "__typename": "ProductAvailability"}, "sponsored": false, "auctionId": null, "link": "/producten/jumbo-koriander-vers-15g-204503STK", "retailSet": false, "prices": {"price": 119, "promoPrice": null, "pricePerUnit": {"price": 7933, "unit": "kg", "__typename": "PricePerUnit"}, "__typename": "Price"}, "quantityDetails": {"maxAmount": 99, "minAmount": 1, "stepAmount": 1, "defaultAmount": 1, "__typename": "Quantity"}, "primaryBadge": [], "secondaryBadges": [{"alt": "THT logo", "image": "/INTERSHOP/static/WFS/Jumbo-Site/Grocery/Jumbo-Grocery/nl_NL/PIMProductBadge/tht-2+.png", "__typename": "Badge"}], "badgeDescription": "2+ dagen houdbaar", "customerAllergies": {"short": "", "__typename": "CustomerAllergies"}, "promotions": [], "surcharges": [], "__typename": "Product", "crossSells": [], "retailSetProducts": []}, {"id": "583751ZK", "brand": "Jumbo", "category": "Aardappelen, groente en fruit", "subtitle": "300 g", "title": "Jumbo Biologische Gesneden Witte Kool 300g", "image": "https://retrieval.dam-lite.prod.aws.jumbo.com/fit-in/360x360/Products/18092023_1695039911033_1695039919016_8718452414512_1.png", "inAssortment": true, "availability": {"availability": "AVAILABLE", "isAvailable": true, "label": null, "stockLimit": null, "__typename": "ProductAvailability"}, "sponsored": false, "auctionId": null, "link": "/producten/jumbo-biologische-gesneden-witte-kool-300g-583751ZK", "retailSet": false, "prices": {"price": 229, "promoPrice": null, "pricePerUnit": {"price": 763, "unit": "kg", "__typename": "PricePerUnit"}, "__typename": "Price"}, "quantityDetails": {"maxAmount": 99, "minAmount": 1, "stepAmount": 1, "defaultAmount": 1, "__typename": "Quantity"}, "primaryBadge": [], "secondaryBadges": [{"alt": "THT logo", "image": "/INTERSHOP/static/WFS/Jumbo-Site/Grocery/Jumbo-Grocery/nl_NL/PIMProductBadge/tht-2+.png", "__typename": "Badge"}, {"alt": "Van dichtbij", "image": "/INTERSHOP/static/WFS/Jumbo-Site/Grocery/Jumbo-Grocery/nl_NL/PIMProductBadge/van-dichtbij.png", "__typename": "Badge"}], "badgeDescription": "2+ dagen houdbaar", "customerAllergies": {"short": "", "__typename": "CustomerAllergies"}, "promotions": [], "surcharges": [], "__typename": "Product", "crossSells": [], "retailSetProducts": []}, {"id": "213005NET", "brand": "Jumbo", "category": "Aardappelen, groente en fruit", "subtitle": "500 GRAM", "title": "Jumbo Rode Uien 500g", "image": "https://retrieval.dam-lite.prod.aws.jumbo.com/fit-in/360x360/Products/09082023_1691585249774_1691585257963_8711715871459_1.png", "inAssortment": true, "availability": {"availability": "AVAILABLE", "isAvailable": true, "label": null, "stockLimit": null, "__typename": "ProductAvailability"}, "sponsored": false, "auctionId": null, "link": "/producten/jumbo-rode-uien-500g-213005NET", "retailSet": false, "prices": {"price": 129, "promoPrice": null, "pricePerUnit": {"price": 258, "unit": "kg", "__typename": "PricePerUnit"}, "__typename": "Price"}, "quantityDetails": {"maxAmount": 99, "minAmount": 1, "stepAmount": 1, "defaultAmount": 1, "__typename": "Quantity"}, "primaryBadge": [], "secondaryBadges": [{"alt": "Van dichtbij", "image": "/INTERSHOP/static/WFS/Jumbo-Site/Grocery/Jumbo-Grocery/nl_NL/PIMProductBadge/van-dichtbij.png", "__typename": "Badge"}], "badgeDescription": null, "customerAllergies": {"short": "", "__typename": "CustomerAllergies"}, "promotions": [], "surcharges": [], "__typename": "Product", "crossSells": [], "retailSetProducts": []}, {"id": "577904BAK", "brand": "Jumbo", "category": "Verse maaltijden en gemak", "subtitle": "330 g", "title": "Jumbo Groene Salade Tomaat & Komkommer 330g", "image": "https://retrieval.dam-lite.prod.aws.jumbo.com/fit-in/360x360/Products/10082023_1691676467165_1691676502257_87351439_1.png", "inAssortment": true, "availability": {"availability": "AVAILABLE", "isAvailable": true, "label": null, "stockLimit": null, "__typename": "ProductAvailability"}, "sponsored": false, "auctionId": null, "link": "/producten/jumbo-groene-salade-tomaat-komkommer-330g-577904BAK", "retailSet": false, "prices": {"price": 339, "promoPrice": null, "pricePerUnit": {"price": 1027, "unit": "kg", "__typename": "PricePerUnit"}, "__typename": "Price"}, "quantityDetails": {"maxAmount": 99, "minAmount": 1, "stepAmount": 1, "defaultAmount": 1, "__typename": "Quantity"}, "primaryBadge": [], "secondaryBadges": [{"alt": "THT logo", "image": "/INTERSHOP/static/WFS/Jumbo-Site/Grocery/Jumbo-Grocery/nl_NL/PIMProductBadge/tht-1+.png", "__typename": "Badge"}], "badgeDescription": "1+ dagen houdbaar", "customerAllergies": {"short": "", "__typename": "CustomerAllergies"}, "promotions": [], "surcharges": [], "__typename": "Product", "crossSells": [{"sku": "577909BAK", "__typename": "Product"}, {"sku": "578139BAK", "__typename": "Product"}, {"sku": "577921BAK", "__typename": "Product"}, {"sku": "577920BAK", "__typename": "Product"}, {"sku": "577908BAK", "__typename": "Product"}], "retailSetProducts": []}, {"id": "204493STK", "brand": "Jumbo", "category": "Aardappelen, groente en fruit", "subtitle": "20 G", "title": "Jumbo Bieslook Vers 20g", "image": "https://retrieval.dam-lite.prod.aws.jumbo.com/fit-in/360x360/Products/18092023_1695032467630_1695032473441_8718452299829_1.png", "inAssortment": true, "availability": {"availability": "AVAILABLE", "isAvailable": true, "label": null, "stockLimit": null, "__typename": "ProductAvailability"}, "sponsored": false, "auctionId": null, "link": "/producten/jumbo-bieslook-vers-20g-204493STK", "retailSet": false, "prices": {"price": 103, "promoPrice": null, "pricePerUnit": {"price": 5150, "unit": "kg", "__typename": "PricePerUnit"}, "__typename": "Price"}, "quantityDetails": {"maxAmount": 99, "minAmount": 1, "stepAmount": 1, "defaultAmount": 1, "__typename": "Quantity"}, "primaryBadge": [], "secondaryBadges": [{"alt": "THT logo", "image": "/INTERSHOP/static/WFS/Jumbo-Site/Grocery/Jumbo-Grocery/nl_NL/PIMProductBadge/tht-2+.png", "__typename": "Badge"}, {"alt": "Van dichtbij", "image": "/INTERSHOP/static/WFS/Jumbo-Site/Grocery/Jumbo-Grocery/nl_NL/PIMProductBadge/van-dichtbij.png", "__typename": "Badge"}], "badgeDescription": "2+ dagen houdbaar", "customerAllergies": {"short": "", "__typename": "CustomerAllergies"}, "promotions": [], "surcharges": [], "__typename": "Product", "crossSells": [], "retailSetProducts": []}, {"id": "591347STK", "brand": "Jumbo", "category": "Aardappelen, groente en fruit", "subtitle": "400 g", "title": "Jumbo Pompoen Blokjes 400g", "image": "https://retrieval.dam-lite.prod.aws.jumbo.com/fit-in/360x360/Products/591347STK87184523102893a0cf04a-69b0-4999-9550-42d1098732d5-1696926162563.png", "inAssortment": true, "availability": {"availability": "AVAILABLE", "isAvailable": true, "label": null, "stockLimit": null, "__typename": "ProductAvailability"}, "sponsored": false, "auctionId": null, "link": "/producten/jumbo-pompoen-blokjes-400g-591347STK", "retailSet": false, "prices": {"price": 269, "promoPrice": null, "pricePerUnit": {"price": 673, "unit": "kg", "__typename": "PricePerUnit"}, "__typename": "Price"}, "quantityDetails": {"maxAmount": 99, "minAmount": 1, "stepAmount": 1, "defaultAmount": 1, "__typename": "Quantity"}, "primaryBadge": [], "secondaryBadges": [{"alt": "THT logo", "image": "/INTERSHOP/static/WFS/Jumbo-Site/Grocery/Jumbo-Grocery/nl_NL/PIMProductBadge/tht-1+.png", "__typename": "Badge"}, {"alt": "NIEUW", "image": "/INTERSHOP/static/WFS/Jumbo-Site/Grocery/Jumbo-Grocery/nl_NL/PIMProductBadge/nieuw.png", "__typename": "Badge"}], "badgeDescription": "1+ dagen houdbaar", "customerAllergies": {"short": "", "__typename": "CustomerAllergies"}, "promotions": [], "surcharges": [], "__typename": "Product", "crossSells": [], "retailSetProducts": []}, {"id": "143857ZK", "brand": "AVIKO\u00ae", "category": "Aardappelen, groente en fruit", "subtitle": "1 kg", "title": "Aviko Franse Friet", "image": "https://retrieval.dam-lite.prod.aws.jumbo.com/fit-in/360x360/Products/09082023_1691595019686_1691595023824_8710449925308_1.png", "inAssortment": true, "availability": {"availability": "AVAILABLE", "isAvailable": true, "label": null, "stockLimit": null, "__typename": "ProductAvailability"}, "sponsored": false, "auctionId": null, "link": "/producten/aviko-franse-friet-143857ZK", "retailSet": false, "prices": {"price": 296, "promoPrice": null, "pricePerUnit": {"price": 296, "unit": "kg", "__typename": "PricePerUnit"}, "__typename": "Price"}, "quantityDetails": {"maxAmount": 99, "minAmount": 1, "stepAmount": 1, "defaultAmount": 1, "__typename": "Quantity"}, "primaryBadge": [], "secondaryBadges": [{"alt": "Vriesvers", "image": "/INTERSHOP/static/WFS/Jumbo-Site/Grocery/Jumbo-Grocery/nl_NL/PIMProductBadge/sticker-freeze-51x51.png", "__typename": "Badge"}], "badgeDescription": null, "customerAllergies": {"short": "", "__typename": "CustomerAllergies"}, "promotions": [], "surcharges": [], "__typename": "Product", "crossSells": [], "retailSetProducts": []}, {"id": "579890CUP", "brand": "Johma", "category": "Aardappelen, groente en fruit", "subtitle": "300 g", "title": "Johma Farmer Rauwkostsalade 300g", "image": "https://retrieval.dam-lite.prod.aws.jumbo.com/fit-in/360x360/Products/09082023_1691596489229_1691596495545_8710506088137_1.png", "inAssortment": true, "availability": {"availability": "AVAILABLE", "isAvailable": true, "label": null, "stockLimit": null, "__typename": "ProductAvailability"}, "sponsored": false, "auctionId": null, "link": "/producten/johma-farmer-rauwkostsalade-300g-579890CUP", "retailSet": false, "prices": {"price": 229, "promoPrice": null, "pricePerUnit": {"price": 763, "unit": "kg", "__typename": "PricePerUnit"}, "__typename": "Price"}, "quantityDetails": {"maxAmount": 99, "minAmount": 1, "stepAmount": 1, "defaultAmount": 1, "__typename": "Quantity"}, "primaryBadge": [], "secondaryBadges": [{"alt": "THT logo", "image": "/INTERSHOP/static/WFS/Jumbo-Site/Grocery/Jumbo-Grocery/nl_NL/PIMProductBadge/tht-9+.png", "__typename": "Badge"}], "badgeDescription": "9+ dagen houdbaar", "customerAllergies": {"short": "", "__typename": "CustomerAllergies"}, "promotions": [], "surcharges": [], "__typename": "Product", "crossSells": [], "retailSetProducts": []}, {"id": "305332POT", "brand": "Smaakt\u00ae", "category": "Aardappelen, groente en fruit", "subtitle": "350 g", "title": "Smaakt Bio Zuurkool Gember & Kurkuma 350g", "image": "https://retrieval.dam-lite.prod.aws.jumbo.com/fit-in/360x360/Products/09082023_1691588419756_1691588548898_8719153030018_1.png", "inAssortment": true, "availability": {"availability": "AVAILABLE", "isAvailable": true, "label": null, "stockLimit": null, "__typename": "ProductAvailability"}, "sponsored": false, "auctionId": null, "link": "/producten/smaakt-bio-zuurkool-gember-kurkuma-350g-305332POT", "retailSet": false, "prices": {"price": 219, "promoPrice": null, "pricePerUnit": {"price": 626, "unit": "kg", "__typename": "PricePerUnit"}, "__typename": "Price"}, "quantityDetails": {"maxAmount": 99, "minAmount": 1, "stepAmount": 1, "defaultAmount": 1, "__typename": "Quantity"}, "primaryBadge": [], "secondaryBadges": [], "badgeDescription": null, "customerAllergies": {"short": "", "__typename": "CustomerAllergies"}, "promotions": [], "surcharges": [], "__typename": "Product", "crossSells": [], "retailSetProducts": []}, {"id": "97355POT", "brand": "HAK", "category": "Conserven, soepen, sauzen, oli\u00ebn", "subtitle": "345 g", "title": "Hak Spinazie met Room 345g", "image": "https://retrieval.dam-lite.prod.aws.jumbo.com/fit-in/360x360/Products/09082023_1691591745271_1691591756781_8720600608964_1.png", "inAssortment": true, "availability": {"availability": "AVAILABLE", "isAvailable": true, "label": null, "stockLimit": null, "__typename": "ProductAvailability"}, "sponsored": false, "auctionId": null, "link": "/producten/hak-spinazie-met-room-345g-97355POT", "retailSet": false, "prices": {"price": 256, "promoPrice": null, "pricePerUnit": {"price": 742, "unit": "kg", "__typename": "PricePerUnit"}, "__typename": "Price"}, "quantityDetails": {"maxAmount": 99, "minAmount": 1, "stepAmount": 1, "defaultAmount": 1, "__typename": "Quantity"}, "primaryBadge": [], "secondaryBadges": [], "badgeDescription": null, "customerAllergies": {"short": "", "__typename": "CustomerAllergies"}, "promotions": [], "surcharges": [], "__typename": "Product", "crossSells": [], "retailSetProducts": []}, {"id": "343912ZK", "brand": "Jumbo", "category": "Aardappelen, groente en fruit", "subtitle": "600 g", "title": "Jumbo Oosterse Wokgroente 600 g - Voordeelverpakking", "image": "https://retrieval.dam-lite.prod.aws.jumbo.com/fit-in/360x360/Products/09082023_1691586715209_1691586730271_8718452450657_1.png", "inAssortment": true, "availability": {"availability": "AVAILABLE", "isAvailable": true, "label": null, "stockLimit": null, "__typename": "ProductAvailability"}, "sponsored": false, "auctionId": null, "link": "/producten/jumbo-oosterse-wokgroente-600-g-voordeelverpakking-343912ZK", "retailSet": false, "prices": {"price": 383, "promoPrice": null, "pricePerUnit": {"price": 638, "unit": "kg", "__typename": "PricePerUnit"}, "__typename": "Price"}, "quantityDetails": {"maxAmount": 99, "minAmount": 1, "stepAmount": 1, "defaultAmount": 1, "__typename": "Quantity"}, "primaryBadge": [], "secondaryBadges": [{"alt": "THT logo", "image": "/INTERSHOP/static/WFS/Jumbo-Site/Grocery/Jumbo-Grocery/nl_NL/PIMProductBadge/tht-2+.png", "__typename": "Badge"}], "badgeDescription": "2+ dagen houdbaar", "customerAllergies": {"short": "", "__typename": "CustomerAllergies"}, "promotions": [], "surcharges": [], "__typename": "Product", "crossSells": [], "retailSetProducts": []}, {"id": "420554PAK", "brand": "CoolBest\u00ae", "category": "Aardappelen, groente en fruit", "subtitle": "1,5 LITER", "title": "CoolBest Mango Dream Voordeelpak 1, 5L", "image": "https://retrieval.dam-lite.prod.aws.jumbo.com/fit-in/360x360/Products/10082023_1691675745746_1691675749828_8720157464570_1.png", "inAssortment": true, "availability": {"availability": "AVAILABLE", "isAvailable": true, "label": null, "stockLimit": null, "__typename": "ProductAvailability"}, "sponsored": false, "auctionId": null, "link": "/producten/coolbest-mango-dream-voordeelpak-1,5l-420554PAK", "retailSet": false, "prices": {"price": 346, "promoPrice": null, "pricePerUnit": {"price": 231, "unit": "l", "__typename": "PricePerUnit"}, "__typename": "Price"}, "quantityDetails": {"maxAmount": 99, "minAmount": 1, "stepAmount": 1, "defaultAmount": 1, "__typename": "Quantity"}, "primaryBadge": [], "secondaryBadges": [{"alt": "THT logo", "image": "/INTERSHOP/static/WFS/Jumbo-Site/Grocery/Jumbo-Grocery/nl_NL/PIMProductBadge/tht-10+.png", "__typename": "Badge"}], "badgeDescription": "10+ dagen houdbaar", "customerAllergies": {"short": "", "__typename": "CustomerAllergies"}, "promotions": [], "surcharges": [], "__typename": "Product", "crossSells": [], "retailSetProducts": []}, {"id": "302248STK", "brand": "Jumbo", "category": "Aardappelen, groente en fruit", "subtitle": null, "title": "Jumbo Bosui", "image": "https://retrieval.dam-lite.prod.aws.jumbo.com/fit-in/360x360/Products/09082023_1691584857125_1691584869756_8711715882233_1.png", "inAssortment": true, "availability": {"availability": "AVAILABLE", "isAvailable": true, "label": null, "stockLimit": null, "__typename": "ProductAvailability"}, "sponsored": false, "auctionId": null, "link": "/producten/jumbo-bosui-302248STK", "retailSet": false, "prices": {"price": 72, "promoPrice": null, "pricePerUnit": {"price": 72, "unit": "pieces", "__typename": "PricePerUnit"}, "__typename": "Price"}, "quantityDetails": {"maxAmount": 99, "minAmount": 1, "stepAmount": 1, "defaultAmount": 1, "__typename": "Quantity"}, "primaryBadge": [], "secondaryBadges": [], "badgeDescription": null, "customerAllergies": {"short": "", "__typename": "CustomerAllergies"}, "promotions": [], "surcharges": [], "__typename": "Product", "crossSells": [], "retailSetProducts": []}, {"id": "228635BAK", "brand": "Jumbo", "category": "Aardappelen, groente en fruit", "subtitle": "400 g", "title": "Jumbo Kastanje Champignons 400 g - Voordeelverpakking", "image": "https://retrieval.dam-lite.prod.aws.jumbo.com/fit-in/360x360/Products/18092023_1695034402727_1695034410865_8718452323128_1.png", "inAssortment": true, "availability": {"availability": "AVAILABLE", "isAvailable": true, "label": null, "stockLimit": null, "__typename": "ProductAvailability"}, "sponsored": false, "auctionId": null, "link": "/producten/jumbo-kastanje-champignons-400-g-voordeelverpakking-228635BAK", "retailSet": false, "prices": {"price": 299, "promoPrice": null, "pricePerUnit": {"price": 748, "unit": "kg", "__typename": "PricePerUnit"}, "__typename": "Price"}, "quantityDetails": {"maxAmount": 99, "minAmount": 1, "stepAmount": 1, "defaultAmount": 1, "__typename": "Quantity"}, "primaryBadge": [], "secondaryBadges": [{"alt": "THT logo", "image": "/INTERSHOP/static/WFS/Jumbo-Site/Grocery/Jumbo-Grocery/nl_NL/PIMProductBadge/tht-2+.png", "__typename": "Badge"}, {"alt": "Van dichtbij", "image": "/INTERSHOP/static/WFS/Jumbo-Site/Grocery/Jumbo-Grocery/nl_NL/PIMProductBadge/van-dichtbij.png", "__typename": "Badge"}], "badgeDescription": "2+ dagen houdbaar", "customerAllergies": {"short": "", "__typename": "CustomerAllergies"}, "promotions": [], "surcharges": [], "__typename": "Product", "crossSells": [], "retailSetProducts": []}, {"id": "462890ZK", "brand": "JUMBO", "category": "Aardappelen, groente en fruit", "subtitle": "750 g", "title": "Jumbo Rode Gourmand Vastkokend 750g", "image": "https://retrieval.dam-lite.prod.aws.jumbo.com/fit-in/360x360/Products/29092023_1695995345234_1695995349870_8718452592555_1.png", "inAssortment": true, "availability": {"availability": "AVAILABLE", "isAvailable": true, "label": null, "stockLimit": null, "__typename": "ProductAvailability"}, "sponsored": false, "auctionId": null, "link": "/producten/jumbo-rode-gourmand-vastkokend-750g-462890ZK", "retailSet": false, "prices": {"price": 175, "promoPrice": null, "pricePerUnit": {"price": 233, "unit": "kg", "__typename": "PricePerUnit"}, "__typename": "Price"}, "quantityDetails": {"maxAmount": 99, "minAmount": 1, "stepAmount": 1, "defaultAmount": 1, "__typename": "Quantity"}, "primaryBadge": [], "secondaryBadges": [], "badgeDescription": null, "customerAllergies": {"short": "", "__typename": "CustomerAllergies"}, "promotions": [], "surcharges": [], "__typename": "Product", "crossSells": [], "retailSetProducts": []}, {"id": "531748FLS", "brand": "JUMBO", "category": "Aardappelen, groente en fruit", "subtitle": "1 L", "title": "Jumbo Vers Sap Appel, Peer & Rood Fruit 1L", "image": "https://retrieval.dam-lite.prod.aws.jumbo.com/fit-in/360x360/Products/531748_8718452668960_1_T1_531748FLS1691078607900.png", "inAssortment": true, "availability": {"availability": "AVAILABLE", "isAvailable": true, "label": null, "stockLimit": null, "__typename": "ProductAvailability"}, "sponsored": false, "auctionId": null, "link": "/producten/jumbo-vers-sap-appel-peer-rood-fruit-1l-531748FLS", "retailSet": false, "prices": {"price": 369, "promoPrice": null, "pricePerUnit": {"price": 369, "unit": "l", "__typename": "PricePerUnit"}, "__typename": "Price"}, "quantityDetails": {"maxAmount": 99, "minAmount": 1, "stepAmount": 1, "defaultAmount": 1, "__typename": "Quantity"}, "primaryBadge": [], "secondaryBadges": [{"alt": "THT logo", "image": "/INTERSHOP/static/WFS/Jumbo-Site/Grocery/Jumbo-Grocery/nl_NL/PIMProductBadge/tht-10+.png", "__typename": "Badge"}], "badgeDescription": "10+ dagen houdbaar", "customerAllergies": {"short": "", "__typename": "CustomerAllergies"}, "promotions": [], "surcharges": [], "__typename": "Product", "crossSells": [], "retailSetProducts": []}, {"id": "257285STK", "brand": "MAGGI", "category": "Wereldkeukens, kruiden, pasta en rijst", "subtitle": "2 x 115 g", "title": "MAGGI Aardappelpuree voor Stamppot Extra Grof 2 x 115g", "image": "https://retrieval.dam-lite.prod.aws.jumbo.com/fit-in/360x360/Products/30082023_1693367728858_1693367732048_257285_STK_.png", "inAssortment": true, "availability": {"availability": "AVAILABLE", "isAvailable": true, "label": null, "stockLimit": null, "__typename": "ProductAvailability"}, "sponsored": false, "auctionId": null, "link": "/producten/maggi-aardappelpuree-voor-stamppot-extra-grof-2-x-115g-257285STK", "retailSet": false, "prices": {"price": 197, "promoPrice": null, "pricePerUnit": {"price": 857, "unit": "kg", "__typename": "PricePerUnit"}, "__typename": "Price"}, "quantityDetails": {"maxAmount": 99, "minAmount": 1, "stepAmount": 1, "defaultAmount": 1, "__typename": "Quantity"}, "primaryBadge": [], "secondaryBadges": [], "badgeDescription": null, "customerAllergies": {"short": "", "__typename": "CustomerAllergies"}, "promotions": [], "surcharges": [], "__typename": "Product", "crossSells": [], "retailSetProducts": []}, {"id": "577996DS", "brand": "JUMBO", "category": "Aardappelen, groente en fruit", "subtitle": "120 g", "title": "Jumbo Mango stukjes 120 gram", "image": "https://retrieval.dam-lite.prod.aws.jumbo.com/fit-in/360x360/Products/09082023_1691594178705_1691594190949_8718452698264_1.png", "inAssortment": true, "availability": {"availability": "AVAILABLE", "isAvailable": true, "label": null, "stockLimit": null, "__typename": "ProductAvailability"}, "sponsored": false, "auctionId": null, "link": "/producten/jumbo-mango-stukjes-120-gram-577996DS", "retailSet": false, "prices": {"price": 225, "promoPrice": null, "pricePerUnit": {"price": 1875, "unit": "kg", "__typename": "PricePerUnit"}, "__typename": "Price"}, "quantityDetails": {"maxAmount": 99, "minAmount": 1, "stepAmount": 1, "defaultAmount": 1, "__typename": "Quantity"}, "primaryBadge": [], "secondaryBadges": [], "badgeDescription": null, "customerAllergies": {"short": "", "__typename": "CustomerAllergies"}, "promotions": [{"id": "9396023-C-1", "group": "Seizoen", "isKiesAndMix": true, "image": "/INTERSHOP/static/WFS/Jumbo-Grocery-Site/-/Jumbo-Grocery/nl_NL/Images_Aanbiedingen/2023/Kies%20en%20Mix/KMgesnfruit.png", "tags": [{"text": "3 voor \u20ac 6,00", "inverse": false, "__typename": "PromotionTag"}], "start": {"dayShort": "vr", "date": 3, "monthShort": "nov", "__typename": "PromotionDateTime"}, "end": {"dayShort": "di", "date": 5, "monthShort": "dec", "__typename": "PromotionDateTime"}, "attachments": [{"type": "CustomBadge", "path": "/INTERSHOP/web/WFS/Jumbo-Grocery-Site/nl_NL/-/EUR/ViewPromotionAttachment-OpenFile?LocaleId=nl_NL&DirectoryPath=0003-Kies%26Mix&FileName=Kies_mix_nieuw.png&UnitName=Jumbo-Grocery", "__typename": "PromotionAttachment"}, {"type": "PromotionGroup-Badge", "path": "/INTERSHOP/web/WFS/Jumbo-Grocery-Site/nl_NL/-/EUR/ViewPromotionAttachment-OpenFile?unitName=Jumbo&LocaleId=nl_NL&DirectoryPath=PromotionBadges&FileName=Seizoen.svg", "__typename": "PromotionAttachment"}], "primaryBadge": [{"alt": "CustomBadge", "image": "/INTERSHOP/web/WFS/Jumbo-Grocery-Site/nl_NL/-/EUR/ViewPromotionAttachment-OpenFile?LocaleId=nl_NL&DirectoryPath=0003-Kies%26Mix&FileName=Kies_mix_nieuw.png&UnitName=Jumbo-Grocery", "__typename": "PromotionBadge"}, {"alt": "PromotionGroup-Badge", "image": "/INTERSHOP/web/WFS/Jumbo-Grocery-Site/nl_NL/-/EUR/ViewPromotionAttachment-OpenFile?unitName=Jumbo&LocaleId=nl_NL&DirectoryPath=PromotionBadges&FileName=Seizoen.svg", "__typename": "PromotionBadge"}], "__typename": "Promotion"}], "surcharges": [], "__typename": "Product", "crossSells": [], "retailSetProducts": []}, {"id": "383157ZK", "brand": "JUMBO", "category": "Aardappelen, groente en fruit", "subtitle": "500 g", "title": "Jumbo Aardappelen Krieltjes 500g", "image": "https://retrieval.dam-lite.prod.aws.jumbo.com/fit-in/360x360/Products/29092023_1695995100424_1695995107794_8718452499250_1.png", "inAssortment": true, "availability": {"availability": "AVAILABLE", "isAvailable": true, "label": null, "stockLimit": null, "__typename": "ProductAvailability"}, "sponsored": false, "auctionId": null, "link": "/producten/jumbo-aardappelen-krieltjes-500g-383157ZK", "retailSet": false, "prices": {"price": 179, "promoPrice": null, "pricePerUnit": {"price": 358, "unit": "kg", "__typename": "PricePerUnit"}, "__typename": "Price"}, "quantityDetails": {"maxAmount": 99, "minAmount": 1, "stepAmount": 1, "defaultAmount": 1, "__typename": "Quantity"}, "primaryBadge": [], "secondaryBadges": [], "badgeDescription": null, "customerAllergies": {"short": "", "__typename": "CustomerAllergies"}, "promotions": [], "surcharges": [], "__typename": "Product", "crossSells": [{"sku": "182218POT", "__typename": "Product"}, {"sku": "182208POT", "__typename": "Product"}], "retailSetProducts": []}, {"id": "591499STK", "brand": "Jumbo", "category": "Aardappelen, groente en fruit", "subtitle": "400 g", "title": "Jumbo Hollandse Roerbakmix 400g", "image": "https://retrieval.dam-lite.prod.aws.jumbo.com/fit-in/360x360/Products/211726STK179ecba8b-a4ba-4e02-94c3-94f937880479-1697096349031.png", "inAssortment": true, "availability": {"availability": "AVAILABLE", "isAvailable": true, "label": null, "stockLimit": null, "__typename": "ProductAvailability"}, "sponsored": false, "auctionId": null, "link": "/producten/jumbo-hollandse-roerbakmix-400g-591499STK", "retailSet": false, "prices": {"price": 219, "promoPrice": null, "pricePerUnit": {"price": 548, "unit": "kg", "__typename": "PricePerUnit"}, "__typename": "Price"}, "quantityDetails": {"maxAmount": 99, "minAmount": 1, "stepAmount": 1, "defaultAmount": 1, "__typename": "Quantity"}, "primaryBadge": [], "secondaryBadges": [{"alt": "THT logo", "image": "/INTERSHOP/static/WFS/Jumbo-Site/Grocery/Jumbo-Grocery/nl_NL/PIMProductBadge/tht-1+.png", "__typename": "Badge"}, {"alt": "NIEUW", "image": "/INTERSHOP/static/WFS/Jumbo-Site/Grocery/Jumbo-Grocery/nl_NL/PIMProductBadge/nieuw.png", "__typename": "Badge"}], "badgeDescription": "1+ dagen houdbaar", "customerAllergies": {"short": "", "__typename": "CustomerAllergies"}, "promotions": [{"id": "3798022-C-1", "group": "Seizoen", "isKiesAndMix": false, "image": "/INTERSHOP/static/WFS/Jumbo-Grocery-Site/-/Jumbo-Grocery/nl_NL/Images_Aanbiedingen/2023/Seizoensaanbiedingen/SA12/Jumbo%20roerbakgroente_280px.png", "tags": [{"text": "2 voor \u20ac 3,50", "inverse": false, "__typename": "PromotionTag"}], "start": {"dayShort": "wo", "date": 8, "monthShort": "nov", "__typename": "PromotionDateTime"}, "end": {"dayShort": "di", "date": 5, "monthShort": "dec", "__typename": "PromotionDateTime"}, "attachments": [{"type": "PromotionGroup-Badge", "path": "/INTERSHOP/web/WFS/Jumbo-Grocery-Site/nl_NL/-/EUR/ViewPromotionAttachment-OpenFile?unitName=Jumbo&LocaleId=nl_NL&DirectoryPath=PromotionBadges&FileName=Seizoen.svg", "__typename": "PromotionAttachment"}], "primaryBadge": [{"alt": "PromotionGroup-Badge", "image": "/INTERSHOP/web/WFS/Jumbo-Grocery-Site/nl_NL/-/EUR/ViewPromotionAttachment-OpenFile?unitName=Jumbo&LocaleId=nl_NL&DirectoryPath=PromotionBadges&FileName=Seizoen.svg", "__typename": "PromotionBadge"}], "__typename": "Promotion"}], "surcharges": [], "__typename": "Product", "crossSells": [{"sku": "25527FLS", "__typename": "Product"}], "retailSetProducts": []}, {"id": "559992DS", "brand": "JUMBO", "category": "Aardappelen, groente en fruit", "subtitle": "250 g", "title": "Jumbo Knolselderij Vegan Steak 250g", "image": "https://retrieval.dam-lite.prod.aws.jumbo.com/fit-in/360x360/Products/10082023_1691677664041_1691677671887_8718452690800_1.png", "inAssortment": true, "availability": {"availability": "AVAILABLE", "isAvailable": true, "label": null, "stockLimit": null, "__typename": "ProductAvailability"}, "sponsored": false, "auctionId": null, "link": "/producten/jumbo-knolselderij-vegan-steak-250g-559992DS", "retailSet": false, "prices": {"price": 399, "promoPrice": null, "pricePerUnit": {"price": 1596, "unit": "kg", "__typename": "PricePerUnit"}, "__typename": "Price"}, "quantityDetails": {"maxAmount": 99, "minAmount": 1, "stepAmount": 1, "defaultAmount": 1, "__typename": "Quantity"}, "primaryBadge": [], "secondaryBadges": [{"alt": "THT logo", "image": "/INTERSHOP/static/WFS/Jumbo-Site/Grocery/Jumbo-Grocery/nl_NL/PIMProductBadge/tht-8+.png", "__typename": "Badge"}], "badgeDescription": "8+ dagen houdbaar", "customerAllergies": {"short": "", "__typename": "CustomerAllergies"}, "promotions": [], "surcharges": [], "__typename": "Product", "crossSells": [], "retailSetProducts": []}, {"id": "211707PAK", "brand": "JUMBO", "category": "Aardappelen, groente en fruit", "subtitle": "450 g", "title": "Jumbo Bami Pakket 450g", "image": "https://retrieval.dam-lite.prod.aws.jumbo.com/fit-in/360x360/Products/09082023_1691596113461_1691596115925_8718452311514_1.png", "inAssortment": true, "availability": {"availability": "AVAILABLE", "isAvailable": true, "label": null, "stockLimit": null, "__typename": "ProductAvailability"}, "sponsored": false, "auctionId": null, "link": "/producten/jumbo-bami-pakket-450g-211707PAK", "retailSet": false, "prices": {"price": 170, "promoPrice": null, "pricePerUnit": {"price": 378, "unit": "kg", "__typename": "PricePerUnit"}, "__typename": "Price"}, "quantityDetails": {"maxAmount": 99, "minAmount": 1, "stepAmount": 1, "defaultAmount": 1, "__typename": "Quantity"}, "primaryBadge": [], "secondaryBadges": [{"alt": "THT logo", "image": "/INTERSHOP/static/WFS/Jumbo-Site/Grocery/Jumbo-Grocery/nl_NL/PIMProductBadge/tht-2+.png", "__typename": "Badge"}], "badgeDescription": "2+ dagen houdbaar", "customerAllergies": {"short": "", "__typename": "CustomerAllergies"}, "promotions": [], "surcharges": [], "__typename": "Product", "crossSells": [{"sku": "499582ZK", "__typename": "Product"}], "retailSetProducts": []}, {"id": "591498STK", "brand": "Jumbo", "category": "Aardappelen, groente en fruit", "subtitle": "400 g", "title": "Jumbo Cambodjaanse Wokgroente 400g", "image": "https://retrieval.dam-lite.prod.aws.jumbo.com/fit-in/360x360/Products/211734STK19e05e912-b998-4fb4-becc-3517a496a50b-1695797040948.png", "inAssortment": true, "availability": {"availability": "AVAILABLE", "isAvailable": true, "label": null, "stockLimit": null, "__typename": "ProductAvailability"}, "sponsored": false, "auctionId": null, "link": "/producten/jumbo-cambodjaanse-wokgroente-400g-591498STK", "retailSet": false, "prices": {"price": 349, "promoPrice": null, "pricePerUnit": {"price": 873, "unit": "kg", "__typename": "PricePerUnit"}, "__typename": "Price"}, "quantityDetails": {"maxAmount": 99, "minAmount": 1, "stepAmount": 1, "defaultAmount": 1, "__typename": "Quantity"}, "primaryBadge": [], "secondaryBadges": [{"alt": "THT logo", "image": "/INTERSHOP/static/WFS/Jumbo-Site/Grocery/Jumbo-Grocery/nl_NL/PIMProductBadge/tht-1+.png", "__typename": "Badge"}, {"alt": "NIEUW", "image": "/INTERSHOP/static/WFS/Jumbo-Site/Grocery/Jumbo-Grocery/nl_NL/PIMProductBadge/nieuw.png", "__typename": "Badge"}], "badgeDescription": "1+ dagen houdbaar", "customerAllergies": {"short": "", "__typename": "CustomerAllergies"}, "promotions": [], "surcharges": [], "__typename": "Product", "crossSells": [], "retailSetProducts": []}, {"id": "155557BAK", "brand": "Zespri", "category": "Aardappelen, groente en fruit", "subtitle": "1000 g", "title": "Zespri Green Kiwifruit 1kg", "image": "https://retrieval.dam-lite.prod.aws.jumbo.com/fit-in/360x360/Products/29092023_1695994881320_1695994890403_8714531096358_1.png", "inAssortment": true, "availability": {"availability": "AVAILABLE", "isAvailable": true, "label": null, "stockLimit": null, "__typename": "ProductAvailability"}, "sponsored": false, "auctionId": null, "link": "/producten/zespri-green-kiwifruit-1kg-155557BAK", "retailSet": false, "prices": {"price": 499, "promoPrice": null, "pricePerUnit": {"price": 499, "unit": "kg", "__typename": "PricePerUnit"}, "__typename": "Price"}, "quantityDetails": {"maxAmount": 99, "minAmount": 1, "stepAmount": 1, "defaultAmount": 1, "__typename": "Quantity"}, "primaryBadge": [], "secondaryBadges": [], "badgeDescription": null, "customerAllergies": {"short": "", "__typename": "CustomerAllergies"}, "promotions": [], "surcharges": [], "__typename": "Product", "crossSells": [{"sku": "376677STK", "__typename": "Product"}, {"sku": "483657NET", "__typename": "Product"}, {"sku": "176746PAK", "__typename": "Product"}], "retailSetProducts": []}, {"id": "191668ZK", "brand": "Jumbo", "category": "Aardappelen, groente en fruit", "subtitle": "400 g", "title": "Jumbo Popcorn Mais 400g", "image": "https://retrieval.dam-lite.prod.aws.jumbo.com/fit-in/360x360/Products/09082023_1691584439230_1691584462143_8718452252534_1.png", "inAssortment": true, "availability": {"availability": "AVAILABLE", "isAvailable": true, "label": null, "stockLimit": null, "__typename": "ProductAvailability"}, "sponsored": false, "auctionId": null, "link": "/producten/jumbo-popcorn-mais-400g-191668ZK", "retailSet": false, "prices": {"price": 170, "promoPrice": null, "pricePerUnit": {"price": 425, "unit": "kg", "__typename": "PricePerUnit"}, "__typename": "Price"}, "quantityDetails": {"maxAmount": 99, "minAmount": 1, "stepAmount": 1, "defaultAmount": 1, "__typename": "Quantity"}, "primaryBadge": [], "secondaryBadges": [], "badgeDescription": null, "customerAllergies": {"short": "", "__typename": "CustomerAllergies"}, "promotions": [], "surcharges": [], "__typename": "Product", "crossSells": [{"sku": "19509BUS", "__typename": "Product"}], "retailSetProducts": []}, {"id": "79520POT", "brand": "HAK", "category": "Aardappelen, groente en fruit", "subtitle": "350 g", "title": "Hak Worteltjes 350g", "image": "https://retrieval.dam-lite.prod.aws.jumbo.com/fit-in/360x360/Products/79520_8720600609046_1_T1_79520POT1691391975429.png", "inAssortment": true, "availability": {"availability": "AVAILABLE", "isAvailable": true, "label": null, "stockLimit": null, "__typename": "ProductAvailability"}, "sponsored": false, "auctionId": null, "link": "/producten/hak-worteltjes-350g-79520POT", "retailSet": false, "prices": {"price": 183, "promoPrice": null, "pricePerUnit": {"price": 851, "unit": "kg", "__typename": "PricePerUnit"}, "__typename": "Price"}, "quantityDetails": {"maxAmount": 99, "minAmount": 1, "stepAmount": 1, "defaultAmount": 1, "__typename": "Quantity"}, "primaryBadge": [], "secondaryBadges": [], "badgeDescription": null, "customerAllergies": {"short": "", "__typename": "CustomerAllergies"}, "promotions": [], "surcharges": [], "__typename": "Product", "crossSells": [], "retailSetProducts": []}, {"id": "347122STK", "brand": "Jumbo", "category": "Aardappelen, groente en fruit", "subtitle": null, "title": "Jumbo Kleine Bloemkool 2 Personen", "image": "https://retrieval.dam-lite.prod.aws.jumbo.com/fit-in/360x360/Products/18092023_1695058491168_1695058501957_8718452426607_1.png", "inAssortment": true, "availability": {"availability": "AVAILABLE", "isAvailable": true, "label": null, "stockLimit": null, "__typename": "ProductAvailability"}, "sponsored": false, "auctionId": null, "link": "/producten/jumbo-kleine-bloemkool-2-personen-347122STK", "retailSet": false, "prices": {"price": 174, "promoPrice": null, "pricePerUnit": {"price": 174, "unit": "pieces", "__typename": "PricePerUnit"}, "__typename": "Price"}, "quantityDetails": {"maxAmount": 99, "minAmount": 1, "stepAmount": 1, "defaultAmount": 1, "__typename": "Quantity"}, "primaryBadge": [], "secondaryBadges": [{"alt": "Van dichtbij", "image": "/INTERSHOP/static/WFS/Jumbo-Site/Grocery/Jumbo-Grocery/nl_NL/PIMProductBadge/van-dichtbij.png", "__typename": "Badge"}], "badgeDescription": null, "customerAllergies": {"short": "", "__typename": "CustomerAllergies"}, "promotions": [], "surcharges": [], "__typename": "Product", "crossSells": [], "retailSetProducts": []}, {"id": "191977BAK", "brand": "Jumbo", "category": "Aardappelen, groente en fruit", "subtitle": "250 g", "title": "Jumbo Druiven Rood/Blauw Pitloos 250g", "image": "https://retrieval.dam-lite.prod.aws.jumbo.com/fit-in/360x360/Products/09082023_1691584439850_1691584458940_8718452231898_1.png", "inAssortment": true, "availability": {"availability": "AVAILABLE", "isAvailable": true, "label": null, "stockLimit": null, "__typename": "ProductAvailability"}, "sponsored": false, "auctionId": null, "link": "/producten/jumbo-druiven-roodblauw-pitloos-250g-191977BAK", "retailSet": false, "prices": {"price": 189, "promoPrice": null, "pricePerUnit": {"price": 756, "unit": "kg", "__typename": "PricePerUnit"}, "__typename": "Price"}, "quantityDetails": {"maxAmount": 99, "minAmount": 1, "stepAmount": 1, "defaultAmount": 1, "__typename": "Quantity"}, "primaryBadge": [], "secondaryBadges": [], "badgeDescription": null, "customerAllergies": {"short": "", "__typename": "CustomerAllergies"}, "promotions": [], "surcharges": [], "__typename": "Product", "crossSells": [], "retailSetProducts": []}, {"id": "184214SC", "brand": "JUMBO", "category": "Wereldkeukens, kruiden, pasta en rijst", "subtitle": "2 stuks", "title": "JUMBO Mild Rode Pepers 2 Stuks", "image": "https://retrieval.dam-lite.prod.aws.jumbo.com/fit-in/360x360/Products/29092023_1695994872107_1695994876287_8718452237593_1.png", "inAssortment": true, "availability": {"availability": "AVAILABLE", "isAvailable": true, "label": null, "stockLimit": null, "__typename": "ProductAvailability"}, "sponsored": false, "auctionId": null, "link": "/producten/jumbo-mild-rode-pepers-2-stuks-184214SC", "retailSet": false, "prices": {"price": 112, "promoPrice": null, "pricePerUnit": {"price": 56, "unit": "pieces", "__typename": "PricePerUnit"}, "__typename": "Price"}, "quantityDetails": {"maxAmount": 99, "minAmount": 1, "stepAmount": 1, "defaultAmount": 1, "__typename": "Quantity"}, "primaryBadge": [], "secondaryBadges": [{"alt": "Van dichtbij", "image": "/INTERSHOP/static/WFS/Jumbo-Site/Grocery/Jumbo-Grocery/nl_NL/PIMProductBadge/van-dichtbij.png", "__typename": "Badge"}], "badgeDescription": null, "customerAllergies": {"short": "", "__typename": "CustomerAllergies"}, "promotions": [], "surcharges": [], "__typename": "Product", "crossSells": [], "retailSetProducts": []}, {"id": "531795FLS", "brand": "JUMBO", "category": "Aardappelen, groente en fruit", "subtitle": "500 ml", "title": "Jumbo Vers Sap Sinaasappel 500ML", "image": "https://retrieval.dam-lite.prod.aws.jumbo.com/fit-in/360x360/Products/28082023_1693215185841_1693215191094_8718452668694_1.png", "inAssortment": true, "availability": {"availability": "AVAILABLE", "isAvailable": true, "label": null, "stockLimit": null, "__typename": "ProductAvailability"}, "sponsored": false, "auctionId": null, "link": "/producten/jumbo-vers-sap-sinaasappel-500ml-531795FLS", "retailSet": false, "prices": {"price": 229, "promoPrice": null, "pricePerUnit": {"price": 458, "unit": "l", "__typename": "PricePerUnit"}, "__typename": "Price"}, "quantityDetails": {"maxAmount": 99, "minAmount": 1, "stepAmount": 1, "defaultAmount": 1, "__typename": "Quantity"}, "primaryBadge": [], "secondaryBadges": [{"alt": "THT logo", "image": "/INTERSHOP/static/WFS/Jumbo-Site/Grocery/Jumbo-Grocery/nl_NL/PIMProductBadge/tht-10+.png", "__typename": "Badge"}], "badgeDescription": "10+ dagen houdbaar", "customerAllergies": {"short": "", "__typename": "CustomerAllergies"}, "promotions": [], "surcharges": [], "__typename": "Product", "crossSells": [], "retailSetProducts": []}, {"id": "522164FLS", "brand": "JUMBO", "category": "Aardappelen, groente en fruit", "subtitle": "500 ml", "title": "Jumbo Vers Sap Appel, Peer & Zwarte Bes 500ML", "image": "https://retrieval.dam-lite.prod.aws.jumbo.com/fit-in/360x360/Products/09082023_1691591344701_1691591443475_8718452689095_1.png", "inAssortment": true, "availability": {"availability": "AVAILABLE", "isAvailable": true, "label": null, "stockLimit": null, "__typename": "ProductAvailability"}, "sponsored": false, "auctionId": null, "link": "/producten/jumbo-vers-sap-appel-peer-zwarte-bes-500ml-522164FLS", "retailSet": false, "prices": {"price": 229, "promoPrice": null, "pricePerUnit": {"price": 458, "unit": "l", "__typename": "PricePerUnit"}, "__typename": "Price"}, "quantityDetails": {"maxAmount": 99, "minAmount": 1, "stepAmount": 1, "defaultAmount": 1, "__typename": "Quantity"}, "primaryBadge": [], "secondaryBadges": [{"alt": "THT logo", "image": "/INTERSHOP/static/WFS/Jumbo-Site/Grocery/Jumbo-Grocery/nl_NL/PIMProductBadge/tht-10+.png", "__typename": "Badge"}, {"alt": "Van dichtbij", "image": "/INTERSHOP/static/WFS/Jumbo-Site/Grocery/Jumbo-Grocery/nl_NL/PIMProductBadge/van-dichtbij.png", "__typename": "Badge"}], "badgeDescription": "10+ dagen houdbaar", "customerAllergies": {"short": "", "__typename": "CustomerAllergies"}, "promotions": [], "surcharges": [], "__typename": "Product", "crossSells": [], "retailSetProducts": []}, {"id": "222837STK", "brand": "JUMBO", "category": "Aardappelen, groente en fruit", "subtitle": "250 g", "title": "Jumbo Fijngesneden Prei 250g - Kleinverpakking", "image": "https://retrieval.dam-lite.prod.aws.jumbo.com/fit-in/360x360/Products/09082023_1691587246542_1691587261141_8718452348671_1.png", "inAssortment": true, "availability": {"availability": "AVAILABLE", "isAvailable": true, "label": null, "stockLimit": null, "__typename": "ProductAvailability"}, "sponsored": false, "auctionId": null, "link": "/producten/jumbo-fijngesneden-prei-250g-kleinverpakking-222837STK", "retailSet": false, "prices": {"price": 136, "promoPrice": null, "pricePerUnit": {"price": 544, "unit": "kg", "__typename": "PricePerUnit"}, "__typename": "Price"}, "quantityDetails": {"maxAmount": 99, "minAmount": 1, "stepAmount": 1, "defaultAmount": 1, "__typename": "Quantity"}, "primaryBadge": [], "secondaryBadges": [{"alt": "THT logo", "image": "/INTERSHOP/static/WFS/Jumbo-Site/Grocery/Jumbo-Grocery/nl_NL/PIMProductBadge/tht-2+.png", "__typename": "Badge"}, {"alt": "Van dichtbij", "image": "/INTERSHOP/static/WFS/Jumbo-Site/Grocery/Jumbo-Grocery/nl_NL/PIMProductBadge/van-dichtbij.png", "__typename": "Badge"}], "badgeDescription": "2+ dagen houdbaar", "customerAllergies": {"short": "", "__typename": "CustomerAllergies"}, "promotions": [], "surcharges": [], "__typename": "Product", "crossSells": [], "retailSetProducts": []}, {"id": "362303ZK", "brand": "Jumbo", "category": "Aardappelen, groente en fruit", "subtitle": "100 g", "title": "Jumbo Baby Spinazie Gewassen 100g", "image": "https://retrieval.dam-lite.prod.aws.jumbo.com/fit-in/360x360/Products/09082023_1691586624884_1691586643104_8718452445431_1.png", "inAssortment": true, "availability": {"availability": "AVAILABLE", "isAvailable": true, "label": null, "stockLimit": null, "__typename": "ProductAvailability"}, "sponsored": false, "auctionId": null, "link": "/producten/jumbo-baby-spinazie-gewassen-100g-362303ZK", "retailSet": false, "prices": {"price": 119, "promoPrice": null, "pricePerUnit": {"price": 1190, "unit": "kg", "__typename": "PricePerUnit"}, "__typename": "Price"}, "quantityDetails": {"maxAmount": 99, "minAmount": 1, "stepAmount": 1, "defaultAmount": 1, "__typename": "Quantity"}, "primaryBadge": [], "secondaryBadges": [{"alt": "THT logo", "image": "/INTERSHOP/static/WFS/Jumbo-Site/Grocery/Jumbo-Grocery/nl_NL/PIMProductBadge/tht-2+.png", "__typename": "Badge"}], "badgeDescription": "2+ dagen houdbaar", "customerAllergies": {"short": "", "__typename": "CustomerAllergies"}, "promotions": [], "surcharges": [], "__typename": "Product", "crossSells": [], "retailSetProducts": []}, {"id": "208854STK", "brand": "Jumbo", "category": "Aardappelen, groente en fruit", "subtitle": null, "title": "Jumbo Fles Pompoen Biologisch", "image": "https://retrieval.dam-lite.prod.aws.jumbo.com/fit-in/360x360/Products/18092023_1695032871850_1695032879611_25003208_1.png", "inAssortment": true, "availability": {"availability": "AVAILABLE", "isAvailable": true, "label": null, "stockLimit": null, "__typename": "ProductAvailability"}, "sponsored": false, "auctionId": null, "link": "/producten/jumbo-fles-pompoen-biologisch-208854STK", "retailSet": false, "prices": {"price": 199, "promoPrice": null, "pricePerUnit": {"price": 199, "unit": "pieces", "__typename": "PricePerUnit"}, "__typename": "Price"}, "quantityDetails": {"maxAmount": 99, "minAmount": 1, "stepAmount": 1, "defaultAmount": 1, "__typename": "Quantity"}, "primaryBadge": [], "secondaryBadges": [], "badgeDescription": null, "customerAllergies": {"short": "", "__typename": "CustomerAllergies"}, "promotions": [], "surcharges": [], "__typename": "Product", "crossSells": [{"sku": "437461POT", "__typename": "Product"}], "retailSetProducts": []}, {"id": "276409ZK", "brand": "Jumbo", "category": "Aardappelen, groente en fruit", "subtitle": "600 g", "title": "Jumbo Kastanjechampignon & Broccoli Ovengroente 600g", "image": "https://retrieval.dam-lite.prod.aws.jumbo.com/fit-in/360x360/Products/09082023_1691586029417_1691586037911_8718452404131_1.png", "inAssortment": true, "availability": {"availability": "AVAILABLE", "isAvailable": true, "label": null, "stockLimit": null, "__typename": "ProductAvailability"}, "sponsored": false, "auctionId": null, "link": "/producten/jumbo-kastanjechampignon-broccoli-ovengroente-600g-276409ZK", "retailSet": false, "prices": {"price": 389, "promoPrice": null, "pricePerUnit": {"price": 648, "unit": "kg", "__typename": "PricePerUnit"}, "__typename": "Price"}, "quantityDetails": {"maxAmount": 99, "minAmount": 1, "stepAmount": 1, "defaultAmount": 1, "__typename": "Quantity"}, "primaryBadge": [], "secondaryBadges": [{"alt": "THT logo", "image": "/INTERSHOP/static/WFS/Jumbo-Site/Grocery/Jumbo-Grocery/nl_NL/PIMProductBadge/tht-2+.png", "__typename": "Badge"}], "badgeDescription": "2+ dagen houdbaar", "customerAllergies": {"short": "", "__typename": "CustomerAllergies"}, "promotions": [], "surcharges": [], "__typename": "Product", "crossSells": [], "retailSetProducts": []}, {"id": "361368POT", "brand": "HAK", "category": "Aardappelen, groente en fruit", "subtitle": "355 g", "title": "Hak Rode Kool met Stukjes Appel 355g", "image": "https://retrieval.dam-lite.prod.aws.jumbo.com/fit-in/360x360/Products/09082023_1691591780839_1691591788369_8720600619724_1.png", "inAssortment": true, "availability": {"availability": "AVAILABLE", "isAvailable": true, "label": null, "stockLimit": null, "__typename": "ProductAvailability"}, "sponsored": false, "auctionId": null, "link": "/producten/hak-rode-kool-met-stukjes-appel-355g-361368POT", "retailSet": false, "prices": {"price": 227, "promoPrice": null, "pricePerUnit": {"price": 639, "unit": "kg", "__typename": "PricePerUnit"}, "__typename": "Price"}, "quantityDetails": {"maxAmount": 99, "minAmount": 1, "stepAmount": 1, "defaultAmount": 1, "__typename": "Quantity"}, "primaryBadge": [], "secondaryBadges": [], "badgeDescription": null, "customerAllergies": {"short": "", "__typename": "CustomerAllergies"}, "promotions": [], "surcharges": [], "__typename": "Product", "crossSells": [], "retailSetProducts": []}, {"id": "362325ZK", "brand": "JUMBO", "category": "Aardappelen, groente en fruit", "subtitle": "150 g", "title": "Jumbo Melange Rucola Voordeelverpakking 150g", "image": "https://retrieval.dam-lite.prod.aws.jumbo.com/fit-in/360x360/Products/29092023_1695995173603_1695995185735_8718452529148_1.png", "inAssortment": true, "availability": {"availability": "AVAILABLE", "isAvailable": true, "label": null, "stockLimit": null, "__typename": "ProductAvailability"}, "sponsored": false, "auctionId": null, "link": "/producten/jumbo-melange-rucola-voordeelverpakking-150g-362325ZK", "retailSet": false, "prices": {"price": 249, "promoPrice": null, "pricePerUnit": {"price": 1660, "unit": "kg", "__typename": "PricePerUnit"}, "__typename": "Price"}, "quantityDetails": {"maxAmount": 99, "minAmount": 1, "stepAmount": 1, "defaultAmount": 1, "__typename": "Quantity"}, "primaryBadge": [], "secondaryBadges": [{"alt": "THT logo", "image": "/INTERSHOP/static/WFS/Jumbo-Site/Grocery/Jumbo-Grocery/nl_NL/PIMProductBadge/tht-2+.png", "__typename": "Badge"}], "badgeDescription": "2+ dagen houdbaar", "customerAllergies": {"short": "", "__typename": "CustomerAllergies"}, "promotions": [], "surcharges": [], "__typename": "Product", "crossSells": [], "retailSetProducts": []}, {"id": "522507SC", "brand": "JUMBO", "category": "Aardappelen, groente en fruit", "subtitle": "250 g", "title": "Jumbo Snackgroente Tomaatjes 250g", "image": "https://retrieval.dam-lite.prod.aws.jumbo.com/fit-in/360x360/Products/09082023_1691591226899_1691591273003_8718452687039_1.png", "inAssortment": true, "availability": {"availability": "AVAILABLE", "isAvailable": true, "label": null, "stockLimit": null, "__typename": "ProductAvailability"}, "sponsored": false, "auctionId": null, "link": "/producten/jumbo-snackgroente-tomaatjes-250g-522507SC", "retailSet": false, "prices": {"price": 199, "promoPrice": null, "pricePerUnit": {"price": 796, "unit": "kg", "__typename": "PricePerUnit"}, "__typename": "Price"}, "quantityDetails": {"maxAmount": 99, "minAmount": 1, "stepAmount": 1, "defaultAmount": 1, "__typename": "Quantity"}, "primaryBadge": [], "secondaryBadges": [], "badgeDescription": null, "customerAllergies": {"short": "", "__typename": "CustomerAllergies"}, "promotions": [], "surcharges": [], "__typename": "Product", "crossSells": [], "retailSetProducts": []}, {"id": "68850STK", "brand": null, "category": "Aardappelen, groente en fruit", "subtitle": null, "title": "Jumbo Oranje Pompoen Biologisch", "image": "https://retrieval.dam-lite.prod.aws.jumbo.com/fit-in/360x360/Products/18092023_1695042105845_1695042115835_8718452107629_1.png", "inAssortment": true, "availability": {"availability": "AVAILABLE", "isAvailable": true, "label": null, "stockLimit": null, "__typename": "ProductAvailability"}, "sponsored": false, "auctionId": null, "link": "/producten/jumbo-oranje-pompoen-biologisch-68850STK", "retailSet": false, "prices": {"price": 199, "promoPrice": null, "pricePerUnit": {"price": 199, "unit": "pieces", "__typename": "PricePerUnit"}, "__typename": "Price"}, "quantityDetails": {"maxAmount": 99, "minAmount": 1, "stepAmount": 1, "defaultAmount": 1, "__typename": "Quantity"}, "primaryBadge": [], "secondaryBadges": [{"alt": "NIEUW", "image": "/INTERSHOP/static/WFS/Jumbo-Site/Grocery/Jumbo-Grocery/nl_NL/PIMProductBadge/nieuw.png", "__typename": "Badge"}, {"alt": "Van dichtbij", "image": "/INTERSHOP/static/WFS/Jumbo-Site/Grocery/Jumbo-Grocery/nl_NL/PIMProductBadge/van-dichtbij.png", "__typename": "Badge"}], "badgeDescription": null, "customerAllergies": {"short": "", "__typename": "CustomerAllergies"}, "promotions": [], "surcharges": [], "__typename": "Product", "crossSells": [], "retailSetProducts": []}, {"id": "551542FLS", "brand": "innocent\u00a9", "category": "Aardappelen, groente en fruit", "subtitle": "300 ml", "title": "Innocent Super Smoothie Defence 300ML", "image": "https://retrieval.dam-lite.prod.aws.jumbo.com/fit-in/360x360/Products/09082023_1691591815890_1691591820683_5038862236287_1.png", "inAssortment": true, "availability": {"availability": "AVAILABLE", "isAvailable": true, "label": null, "stockLimit": null, "__typename": "ProductAvailability"}, "sponsored": false, "auctionId": null, "link": "/producten/innocent-super-smoothie-defence-300ml-551542FLS", "retailSet": false, "prices": {"price": 263, "promoPrice": null, "pricePerUnit": {"price": 877, "unit": "l", "__typename": "PricePerUnit"}, "__typename": "Price"}, "quantityDetails": {"maxAmount": 99, "minAmount": 1, "stepAmount": 1, "defaultAmount": 1, "__typename": "Quantity"}, "primaryBadge": [], "secondaryBadges": [{"alt": "THT logo", "image": "/INTERSHOP/static/WFS/Jumbo-Site/Grocery/Jumbo-Grocery/nl_NL/PIMProductBadge/tht-8+.png", "__typename": "Badge"}], "badgeDescription": "8+ dagen houdbaar", "customerAllergies": {"short": "", "__typename": "CustomerAllergies"}, "promotions": [], "surcharges": [], "__typename": "Product", "crossSells": [], "retailSetProducts": []}, {"id": "306038SC", "brand": "Jumbo", "category": "Aardappelen, groente en fruit", "subtitle": "4 stuks", "title": "Jumbo Fuji Appels 4 Stuks", "image": "https://retrieval.dam-lite.prod.aws.jumbo.com/fit-in/360x360/Products/09082023_1691586973941_1691586994749_8718452396542_1.png", "inAssortment": true, "availability": {"availability": "AVAILABLE", "isAvailable": true, "label": null, "stockLimit": null, "__typename": "ProductAvailability"}, "sponsored": false, "auctionId": null, "link": "/producten/jumbo-fuji-appels-4-stuks-306038SC", "retailSet": false, "prices": {"price": 279, "promoPrice": null, "pricePerUnit": {"price": 70, "unit": "pieces", "__typename": "PricePerUnit"}, "__typename": "Price"}, "quantityDetails": {"maxAmount": 99, "minAmount": 1, "stepAmount": 1, "defaultAmount": 1, "__typename": "Quantity"}, "primaryBadge": [], "secondaryBadges": [{"alt": "NIEUW", "image": "/INTERSHOP/static/WFS/Jumbo-Site/Grocery/Jumbo-Grocery/nl_NL/PIMProductBadge/nieuw.png", "__typename": "Badge"}], "badgeDescription": null, "customerAllergies": {"short": "", "__typename": "CustomerAllergies"}, "promotions": [], "surcharges": [], "__typename": "Product", "crossSells": [], "retailSetProducts": []}, {"id": "276540SC", "brand": "Jumbo", "category": "Aardappelen, groente en fruit", "subtitle": "450 g", "title": "Jumbo Oven Hasselback Aardappelen 450g", "image": "https://retrieval.dam-lite.prod.aws.jumbo.com/fit-in/360x360/Products/09082023_1691586202805_1691586230132_8718452403370_1.png", "inAssortment": true, "availability": {"availability": "AVAILABLE", "isAvailable": true, "label": null, "stockLimit": null, "__typename": "ProductAvailability"}, "sponsored": false, "auctionId": null, "link": "/producten/jumbo-oven-hasselback-aardappelen-450g-276540SC", "retailSet": false, "prices": {"price": 279, "promoPrice": null, "pricePerUnit": {"price": 620, "unit": "kg", "__typename": "PricePerUnit"}, "__typename": "Price"}, "quantityDetails": {"maxAmount": 99, "minAmount": 1, "stepAmount": 1, "defaultAmount": 1, "__typename": "Quantity"}, "primaryBadge": [], "secondaryBadges": [{"alt": "THT logo", "image": "/INTERSHOP/static/WFS/Jumbo-Site/Grocery/Jumbo-Grocery/nl_NL/PIMProductBadge/tht-8+.png", "__typename": "Badge"}], "badgeDescription": "8+ dagen houdbaar", "customerAllergies": {"short": "", "__typename": "CustomerAllergies"}, "promotions": [], "surcharges": [], "__typename": "Product", "crossSells": [], "retailSetProducts": []}, {"id": "420500PAK", "brand": "CoolBest\u00ae", "category": "Aardappelen, groente en fruit", "subtitle": "1 LITER", "title": "CoolBest Mango Dream 1L", "image": "https://retrieval.dam-lite.prod.aws.jumbo.com/fit-in/360x360/Products/10082023_1691675790503_1691675794314_8720157463887_1.png", "inAssortment": true, "availability": {"availability": "AVAILABLE", "isAvailable": true, "label": null, "stockLimit": null, "__typename": "ProductAvailability"}, "sponsored": false, "auctionId": null, "link": "/producten/coolbest-mango-dream-1l-420500PAK", "retailSet": false, "prices": {"price": 256, "promoPrice": null, "pricePerUnit": {"price": 256, "unit": "l", "__typename": "PricePerUnit"}, "__typename": "Price"}, "quantityDetails": {"maxAmount": 99, "minAmount": 1, "stepAmount": 1, "defaultAmount": 1, "__typename": "Quantity"}, "primaryBadge": [], "secondaryBadges": [{"alt": "THT logo", "image": "/INTERSHOP/static/WFS/Jumbo-Site/Grocery/Jumbo-Grocery/nl_NL/PIMProductBadge/tht-10+.png", "__typename": "Badge"}], "badgeDescription": "10+ dagen houdbaar", "customerAllergies": {"short": "", "__typename": "CustomerAllergies"}, "promotions": [], "surcharges": [], "__typename": "Product", "crossSells": [], "retailSetProducts": []}, {"id": "417400SC", "brand": null, "category": "Aardappelen, groente en fruit", "subtitle": "750 GRAM", "title": "Jumbo Roma Tomaten 750g", "image": "https://retrieval.dam-lite.prod.aws.jumbo.com/fit-in/360x360/Products/29092023_1695995174188_1695995181466_8718452550203_1.png", "inAssortment": true, "availability": {"availability": "AVAILABLE", "isAvailable": true, "label": null, "stockLimit": null, "__typename": "ProductAvailability"}, "sponsored": false, "auctionId": null, "link": "/producten/jumbo-roma-tomaten-750g-417400SC", "retailSet": false, "prices": {"price": 271, "promoPrice": null, "pricePerUnit": {"price": 361, "unit": "kg", "__typename": "PricePerUnit"}, "__typename": "Price"}, "quantityDetails": {"maxAmount": 99, "minAmount": 1, "stepAmount": 1, "defaultAmount": 1, "__typename": "Quantity"}, "primaryBadge": [], "secondaryBadges": [{"alt": "Van dichtbij", "image": "/INTERSHOP/static/WFS/Jumbo-Site/Grocery/Jumbo-Grocery/nl_NL/PIMProductBadge/van-dichtbij.png", "__typename": "Badge"}], "badgeDescription": null, "customerAllergies": {"short": "", "__typename": "CustomerAllergies"}, "promotions": [], "surcharges": [], "__typename": "Product", "crossSells": [], "retailSetProducts": []}, {"id": "200747STK", "brand": "Jumbo", "category": "Aardappelen, groente en fruit", "subtitle": "200 g", "title": "Jumbo Eikenbladsla Melange met Rode Ui & Rucola 200 g - Voordeelverpakking", "image": "https://retrieval.dam-lite.prod.aws.jumbo.com/fit-in/360x360/Products/09082023_1691585196664_1691585207978_8718452303267_1.png", "inAssortment": true, "availability": {"availability": "AVAILABLE", "isAvailable": true, "label": null, "stockLimit": null, "__typename": "ProductAvailability"}, "sponsored": false, "auctionId": null, "link": "/producten/jumbo-eikenbladsla-melange-met-rode-ui-rucola-200-g-voordeelverpakking-200747STK", "retailSet": false, "prices": {"price": 259, "promoPrice": null, "pricePerUnit": {"price": 1295, "unit": "kg", "__typename": "PricePerUnit"}, "__typename": "Price"}, "quantityDetails": {"maxAmount": 99, "minAmount": 1, "stepAmount": 1, "defaultAmount": 1, "__typename": "Quantity"}, "primaryBadge": [], "secondaryBadges": [{"alt": "THT logo", "image": "/INTERSHOP/static/WFS/Jumbo-Site/Grocery/Jumbo-Grocery/nl_NL/PIMProductBadge/tht-2+.png", "__typename": "Badge"}], "badgeDescription": "2+ dagen houdbaar", "customerAllergies": {"short": "", "__typename": "CustomerAllergies"}, "promotions": [], "surcharges": [], "__typename": "Product", "crossSells": [], "retailSetProducts": []}, {"id": "97354POT", "brand": "HAK", "category": "Conserven, soepen, sauzen, oli\u00ebn", "subtitle": "330 g", "title": "Hak Spinazie 330g", "image": "https://retrieval.dam-lite.prod.aws.jumbo.com/fit-in/360x360/Products/09082023_1691591745213_1691591752838_8720600608940_1.png", "inAssortment": true, "availability": {"availability": "AVAILABLE", "isAvailable": true, "label": null, "stockLimit": null, "__typename": "ProductAvailability"}, "sponsored": false, "auctionId": null, "link": "/producten/hak-spinazie-330g-97354POT", "retailSet": false, "prices": {"price": 237, "promoPrice": null, "pricePerUnit": {"price": 967, "unit": "kg", "__typename": "PricePerUnit"}, "__typename": "Price"}, "quantityDetails": {"maxAmount": 99, "minAmount": 1, "stepAmount": 1, "defaultAmount": 1, "__typename": "Quantity"}, "primaryBadge": [], "secondaryBadges": [], "badgeDescription": null, "customerAllergies": {"short": "", "__typename": "CustomerAllergies"}, "promotions": [], "surcharges": [], "__typename": "Product", "crossSells": [], "retailSetProducts": []}, {"id": "392680ZK", "brand": "JUMBO", "category": "Aardappelen, groente en fruit", "subtitle": "400 g", "title": "Jumbo Basis Soepgroente 400g", "image": "https://retrieval.dam-lite.prod.aws.jumbo.com/fit-in/360x360/Products/09082023_1691587591674_1691587602511_8718452508747_1.png", "inAssortment": true, "availability": {"availability": "AVAILABLE", "isAvailable": true, "label": null, "stockLimit": null, "__typename": "ProductAvailability"}, "sponsored": false, "auctionId": null, "link": "/producten/jumbo-basis-soepgroente-400g-392680ZK", "retailSet": false, "prices": {"price": 119, "promoPrice": null, "pricePerUnit": {"price": 298, "unit": "kg", "__typename": "PricePerUnit"}, "__typename": "Price"}, "quantityDetails": {"maxAmount": 99, "minAmount": 1, "stepAmount": 1, "defaultAmount": 1, "__typename": "Quantity"}, "primaryBadge": [], "secondaryBadges": [{"alt": "THT logo", "image": "/INTERSHOP/static/WFS/Jumbo-Site/Grocery/Jumbo-Grocery/nl_NL/PIMProductBadge/tht-2+.png", "__typename": "Badge"}], "badgeDescription": "2+ dagen houdbaar", "customerAllergies": {"short": "", "__typename": "CustomerAllergies"}, "promotions": [], "surcharges": [], "__typename": "Product", "crossSells": [], "retailSetProducts": []}, {"id": "336293ZK", "brand": "Jumbo", "category": "Aardappelen, groente en fruit", "subtitle": "250 g", "title": "Jumbo Macaroni & Spaghetti Groente 250 g - Kleinverpakking", "image": "https://retrieval.dam-lite.prod.aws.jumbo.com/fit-in/360x360/Products/09082023_1691585360888_1691585372501_8718452311507_1.png", "inAssortment": true, "availability": {"availability": "AVAILABLE", "isAvailable": true, "label": null, "stockLimit": null, "__typename": "ProductAvailability"}, "sponsored": false, "auctionId": null, "link": "/producten/jumbo-macaroni-spaghetti-groente-250-g-kleinverpakking-336293ZK", "retailSet": false, "prices": {"price": 139, "promoPrice": null, "pricePerUnit": {"price": 556, "unit": "kg", "__typename": "PricePerUnit"}, "__typename": "Price"}, "quantityDetails": {"maxAmount": 99, "minAmount": 1, "stepAmount": 1, "defaultAmount": 1, "__typename": "Quantity"}, "primaryBadge": [], "secondaryBadges": [{"alt": "THT logo", "image": "/INTERSHOP/static/WFS/Jumbo-Site/Grocery/Jumbo-Grocery/nl_NL/PIMProductBadge/tht-2+.png", "__typename": "Badge"}], "badgeDescription": "2+ dagen houdbaar", "customerAllergies": {"short": "", "__typename": "CustomerAllergies"}, "promotions": [], "surcharges": [], "__typename": "Product", "crossSells": [], "retailSetProducts": []}, {"id": "523351FLS", "brand": "innocent\u00a9", "category": "Aardappelen, groente en fruit", "subtitle": "300 ml", "title": "Innocent Super Smoothie Antioxidant 300ml", "image": "https://retrieval.dam-lite.prod.aws.jumbo.com/fit-in/360x360/Products/09082023_1691591813904_1691591818329_5038862233354_1.png", "inAssortment": true, "availability": {"availability": "AVAILABLE", "isAvailable": true, "label": null, "stockLimit": null, "__typename": "ProductAvailability"}, "sponsored": false, "auctionId": null, "link": "/producten/innocent-super-smoothie-antioxidant-300ml-523351FLS", "retailSet": false, "prices": {"price": 269, "promoPrice": null, "pricePerUnit": {"price": 897, "unit": "l", "__typename": "PricePerUnit"}, "__typename": "Price"}, "quantityDetails": {"maxAmount": 99, "minAmount": 1, "stepAmount": 1, "defaultAmount": 1, "__typename": "Quantity"}, "primaryBadge": [], "secondaryBadges": [{"alt": "THT logo", "image": "/INTERSHOP/static/WFS/Jumbo-Site/Grocery/Jumbo-Grocery/nl_NL/PIMProductBadge/tht-8+.png", "__typename": "Badge"}], "badgeDescription": "8+ dagen houdbaar", "customerAllergies": {"short": "", "__typename": "CustomerAllergies"}, "promotions": [], "surcharges": [], "__typename": "Product", "crossSells": [], "retailSetProducts": []}, {"id": "398279ZK", "brand": "JUMBO", "category": "Aardappelen, groente en fruit", "subtitle": "400 g", "title": "Jumbo Sperziebonen Biologisch 400g", "image": "https://retrieval.dam-lite.prod.aws.jumbo.com/fit-in/360x360/Products/09082023_1691587687514_1691587731425_8718452528936_1.png", "inAssortment": true, "availability": {"availability": "AVAILABLE", "isAvailable": true, "label": null, "stockLimit": null, "__typename": "ProductAvailability"}, "sponsored": false, "auctionId": null, "link": "/producten/jumbo-sperziebonen-biologisch-400g-398279ZK", "retailSet": false, "prices": {"price": 249, "promoPrice": null, "pricePerUnit": {"price": 623, "unit": "kg", "__typename": "PricePerUnit"}, "__typename": "Price"}, "quantityDetails": {"maxAmount": 99, "minAmount": 1, "stepAmount": 1, "defaultAmount": 1, "__typename": "Quantity"}, "primaryBadge": [], "secondaryBadges": [], "badgeDescription": null, "customerAllergies": {"short": "", "__typename": "CustomerAllergies"}, "promotions": [], "surcharges": [], "__typename": "Product", "crossSells": [], "retailSetProducts": []}, {"id": "212155STK", "brand": "Jumbo", "category": "Aardappelen, groente en fruit", "subtitle": "400 g", "title": "Jumbo Broccoli 400g", "image": "https://retrieval.dam-lite.prod.aws.jumbo.com/fit-in/360x360/Products/09082023_1691585109540_1691585118208_8718452303182_1.png", "inAssortment": true, "availability": {"availability": "AVAILABLE", "isAvailable": true, "label": null, "stockLimit": null, "__typename": "ProductAvailability"}, "sponsored": false, "auctionId": null, "link": "/producten/jumbo-broccoli-400g-212155STK", "retailSet": false, "prices": {"price": 279, "promoPrice": null, "pricePerUnit": {"price": 698, "unit": "kg", "__typename": "PricePerUnit"}, "__typename": "Price"}, "quantityDetails": {"maxAmount": 99, "minAmount": 1, "stepAmount": 1, "defaultAmount": 1, "__typename": "Quantity"}, "primaryBadge": [], "secondaryBadges": [{"alt": "THT logo", "image": "/INTERSHOP/static/WFS/Jumbo-Site/Grocery/Jumbo-Grocery/nl_NL/PIMProductBadge/tht-2+.png", "__typename": "Badge"}], "badgeDescription": "2+ dagen houdbaar", "customerAllergies": {"short": "", "__typename": "CustomerAllergies"}, "promotions": [], "surcharges": [], "__typename": "Product", "crossSells": [], "retailSetProducts": []}, {"id": "383155ZK", "brand": "JUMBO", "category": "Aardappelen, groente en fruit", "subtitle": "1 kg", "title": "Jumbo Aardappelen Zoet 1kg", "image": "https://retrieval.dam-lite.prod.aws.jumbo.com/fit-in/360x360/Products/09082023_1691587590828_1691587600490_8718452499281_1.png", "inAssortment": true, "availability": {"availability": "AVAILABLE", "isAvailable": true, "label": null, "stockLimit": null, "__typename": "ProductAvailability"}, "sponsored": false, "auctionId": null, "link": "/producten/jumbo-aardappelen-zoet-1kg-383155ZK", "retailSet": false, "prices": {"price": 298, "promoPrice": null, "pricePerUnit": {"price": 298, "unit": "kg", "__typename": "PricePerUnit"}, "__typename": "Price"}, "quantityDetails": {"maxAmount": 99, "minAmount": 1, "stepAmount": 1, "defaultAmount": 1, "__typename": "Quantity"}, "primaryBadge": [], "secondaryBadges": [], "badgeDescription": null, "customerAllergies": {"short": "", "__typename": "CustomerAllergies"}, "promotions": [], "surcharges": [], "__typename": "Product", "crossSells": [], "retailSetProducts": []}, {"id": "306043SC", "brand": "Jumbo", "category": "Aardappelen, groente en fruit", "subtitle": "300 G", "title": "Jumbo Framboos & Blauwe Bessen 300g", "image": "https://retrieval.dam-lite.prod.aws.jumbo.com/fit-in/360x360/Products/29092023_1695994884252_1695994892683_8718452347292_1.png", "inAssortment": true, "availability": {"availability": "AVAILABLE", "isAvailable": true, "label": null, "stockLimit": null, "__typename": "ProductAvailability"}, "sponsored": false, "auctionId": null, "link": "/producten/jumbo-framboos-blauwe-bessen-300g-306043SC", "retailSet": false, "prices": {"price": 479, "promoPrice": null, "pricePerUnit": {"price": 1597, "unit": "kg", "__typename": "PricePerUnit"}, "__typename": "Price"}, "quantityDetails": {"maxAmount": 99, "minAmount": 1, "stepAmount": 1, "defaultAmount": 1, "__typename": "Quantity"}, "primaryBadge": [], "secondaryBadges": [], "badgeDescription": null, "customerAllergies": {"short": "", "__typename": "CustomerAllergies"}, "promotions": [], "surcharges": [], "__typename": "Product", "crossSells": [{"sku": "578730STK", "__typename": "Product"}, {"sku": "306009BAK", "__typename": "Product"}, {"sku": "578730STK", "__typename": "Product"}], "retailSetProducts": []}, {"id": "219426STK", "brand": "Smaakt\u00ae", "category": "Aardappelen, groente en fruit", "subtitle": "400 g", "title": "Smaakt Bio Groene Linzen 400g", "image": "https://retrieval.dam-lite.prod.aws.jumbo.com/fit-in/360x360/Products/09082023_1691585198408_1691585212298_8718546999369_1.png", "inAssortment": true, "availability": {"availability": "AVAILABLE", "isAvailable": true, "label": null, "stockLimit": null, "__typename": "ProductAvailability"}, "sponsored": false, "auctionId": null, "link": "/producten/smaakt-bio-groene-linzen-400g-219426STK", "retailSet": false, "prices": {"price": 227, "promoPrice": null, "pricePerUnit": {"price": 568, "unit": "kg", "__typename": "PricePerUnit"}, "__typename": "Price"}, "quantityDetails": {"maxAmount": 99, "minAmount": 1, "stepAmount": 1, "defaultAmount": 1, "__typename": "Quantity"}, "primaryBadge": [], "secondaryBadges": [], "badgeDescription": null, "customerAllergies": {"short": "", "__typename": "CustomerAllergies"}, "promotions": [], "surcharges": [], "__typename": "Product", "crossSells": [], "retailSetProducts": []}, {"id": "522691ZK", "brand": "JUMBO", "category": "Aardappelen, groente en fruit", "subtitle": "1,5 KG", "title": "Jumbo Frietaardappelen 1, 5kg", "image": "https://retrieval.dam-lite.prod.aws.jumbo.com/fit-in/360x360/Products/09082023_1691592660730_1691592721418_8718452671854_1.png", "inAssortment": true, "availability": {"availability": "AVAILABLE", "isAvailable": true, "label": null, "stockLimit": null, "__typename": "ProductAvailability"}, "sponsored": false, "auctionId": null, "link": "/producten/jumbo-frietaardappelen-1,5kg-522691ZK", "retailSet": false, "prices": {"price": 279, "promoPrice": null, "pricePerUnit": {"price": 186, "unit": "kg", "__typename": "PricePerUnit"}, "__typename": "Price"}, "quantityDetails": {"maxAmount": 99, "minAmount": 1, "stepAmount": 1, "defaultAmount": 1, "__typename": "Quantity"}, "primaryBadge": [], "secondaryBadges": [{"alt": "Van dichtbij", "image": "/INTERSHOP/static/WFS/Jumbo-Site/Grocery/Jumbo-Grocery/nl_NL/PIMProductBadge/van-dichtbij.png", "__typename": "Badge"}], "badgeDescription": null, "customerAllergies": {"short": "", "__typename": "CustomerAllergies"}, "promotions": [], "surcharges": [], "__typename": "Product", "crossSells": [], "retailSetProducts": []}, {"id": "211744ZK", "brand": "Jumbo", "category": "Aardappelen, groente en fruit", "subtitle": "450 g", "title": "Jumbo Aardappelschijfjes 450g", "image": "https://retrieval.dam-lite.prod.aws.jumbo.com/fit-in/360x360/Products/09082023_1691585196965_1691585207479_8718452309160_1.png", "inAssortment": true, "availability": {"availability": "AVAILABLE", "isAvailable": true, "label": null, "stockLimit": null, "__typename": "ProductAvailability"}, "sponsored": false, "auctionId": null, "link": "/producten/jumbo-aardappelschijfjes-450g-211744ZK", "retailSet": false, "prices": {"price": 105, "promoPrice": null, "pricePerUnit": {"price": 233, "unit": "kg", "__typename": "PricePerUnit"}, "__typename": "Price"}, "quantityDetails": {"maxAmount": 99, "minAmount": 1, "stepAmount": 1, "defaultAmount": 1, "__typename": "Quantity"}, "primaryBadge": [], "secondaryBadges": [{"alt": "THT logo", "image": "/INTERSHOP/static/WFS/Jumbo-Site/Grocery/Jumbo-Grocery/nl_NL/PIMProductBadge/tht-2+.png", "__typename": "Badge"}], "badgeDescription": "2+ dagen houdbaar", "customerAllergies": {"short": "", "__typename": "CustomerAllergies"}, "promotions": [], "surcharges": [], "__typename": "Product", "crossSells": [], "retailSetProducts": []}, {"id": "204551STK", "brand": "Jumbo", "category": "Wereldkeukens, kruiden, pasta en rijst", "subtitle": "15 G", "title": "Jumbo Platte Peterselie Vers 15g", "image": "https://retrieval.dam-lite.prod.aws.jumbo.com/fit-in/360x360/Products/09082023_1691584972130_1691584978170_8718452301935_1.png", "inAssortment": true, "availability": {"availability": "AVAILABLE", "isAvailable": true, "label": null, "stockLimit": null, "__typename": "ProductAvailability"}, "sponsored": false, "auctionId": null, "link": "/producten/jumbo-platte-peterselie-vers-15g-204551STK", "retailSet": false, "prices": {"price": 119, "promoPrice": null, "pricePerUnit": {"price": 7933, "unit": "kg", "__typename": "PricePerUnit"}, "__typename": "Price"}, "quantityDetails": {"maxAmount": 99, "minAmount": 1, "stepAmount": 1, "defaultAmount": 1, "__typename": "Quantity"}, "primaryBadge": [], "secondaryBadges": [{"alt": "THT logo", "image": "/INTERSHOP/static/WFS/Jumbo-Site/Grocery/Jumbo-Grocery/nl_NL/PIMProductBadge/tht-2+.png", "__typename": "Badge"}], "badgeDescription": "2+ dagen houdbaar", "customerAllergies": {"short": "", "__typename": "CustomerAllergies"}, "promotions": [], "surcharges": [], "__typename": "Product", "crossSells": [], "retailSetProducts": []}, {"id": "547252FLS", "brand": "JUMBO", "category": "Frisdrank en sappen", "subtitle": "125 ml", "title": "Jumbo Gember (9%) Shot met Appelsap Mild Aardbei 125ML", "image": "https://retrieval.dam-lite.prod.aws.jumbo.com/fit-in/360x360/Products/547252_8718452712397_1_T1_491059FLS1691076401421.png", "inAssortment": true, "availability": {"availability": "AVAILABLE", "isAvailable": true, "label": null, "stockLimit": null, "__typename": "ProductAvailability"}, "sponsored": false, "auctionId": null, "link": "/producten/jumbo-gember-9-shot-met-appelsap-mild-aardbei-125ml-547252FLS", "retailSet": false, "prices": {"price": 100, "promoPrice": null, "pricePerUnit": {"price": 800, "unit": "l", "__typename": "PricePerUnit"}, "__typename": "Price"}, "quantityDetails": {"maxAmount": 99, "minAmount": 1, "stepAmount": 1, "defaultAmount": 1, "__typename": "Quantity"}, "primaryBadge": [], "secondaryBadges": [{"alt": "THT logo", "image": "/INTERSHOP/static/WFS/Jumbo-Site/Grocery/Jumbo-Grocery/nl_NL/PIMProductBadge/tht-10+.png", "__typename": "Badge"}], "badgeDescription": "10+ dagen houdbaar", "customerAllergies": {"short": "", "__typename": "CustomerAllergies"}, "promotions": [], "surcharges": [], "__typename": "Product", "crossSells": [], "retailSetProducts": []}, {"id": "562204STK", "brand": "Jumbo", "category": "Aardappelen, groente en fruit", "subtitle": "250 g", "title": "Jumbo Haricots Verts 250g", "image": "https://retrieval.dam-lite.prod.aws.jumbo.com/fit-in/360x360/Products/09082023_1691581025536_1691581068590_8711715882240_1.png", "inAssortment": true, "availability": {"availability": "AVAILABLE", "isAvailable": true, "label": null, "stockLimit": null, "__typename": "ProductAvailability"}, "sponsored": false, "auctionId": null, "link": "/producten/jumbo-haricots-verts-250g-562204STK", "retailSet": false, "prices": {"price": 214, "promoPrice": null, "pricePerUnit": {"price": 856, "unit": "kg", "__typename": "PricePerUnit"}, "__typename": "Price"}, "quantityDetails": {"maxAmount": 99, "minAmount": 1, "stepAmount": 1, "defaultAmount": 1, "__typename": "Quantity"}, "primaryBadge": [], "secondaryBadges": [], "badgeDescription": null, "customerAllergies": {"short": "", "__typename": "CustomerAllergies"}, "promotions": [], "surcharges": [], "__typename": "Product", "crossSells": [], "retailSetProducts": []}, {"id": "211814ZK", "brand": "JUMBO", "category": "Aardappelen, groente en fruit", "subtitle": "600 g", "title": "Jumbo Bourgondische Mini Krieltjes 600g", "image": "https://retrieval.dam-lite.prod.aws.jumbo.com/fit-in/360x360/Products/18092023_1695060773742_1695060783484_8718452475544_1.png", "inAssortment": true, "availability": {"availability": "AVAILABLE", "isAvailable": true, "label": null, "stockLimit": null, "__typename": "ProductAvailability"}, "sponsored": false, "auctionId": null, "link": "/producten/jumbo-bourgondische-mini-krieltjes-600g-211814ZK", "retailSet": false, "prices": {"price": 129, "promoPrice": null, "pricePerUnit": {"price": 215, "unit": "kg", "__typename": "PricePerUnit"}, "__typename": "Price"}, "quantityDetails": {"maxAmount": 99, "minAmount": 1, "stepAmount": 1, "defaultAmount": 1, "__typename": "Quantity"}, "primaryBadge": [], "secondaryBadges": [{"alt": "THT logo", "image": "/INTERSHOP/static/WFS/Jumbo-Site/Grocery/Jumbo-Grocery/nl_NL/PIMProductBadge/tht-2+.png", "__typename": "Badge"}], "badgeDescription": "2+ dagen houdbaar", "customerAllergies": {"short": "", "__typename": "CustomerAllergies"}, "promotions": [], "surcharges": [], "__typename": "Product", "crossSells": [], "retailSetProducts": []}, {"id": "218814NET", "brand": "JUMBO", "category": "Aardappelen, groente en fruit", "subtitle": "400 GRAM", "title": "Jumbo Banaansjalotjes 400g", "image": "https://retrieval.dam-lite.prod.aws.jumbo.com/fit-in/360x360/Products/09082023_1691589637443_1691589673274_8718452343331_1.png", "inAssortment": true, "availability": {"availability": "AVAILABLE", "isAvailable": true, "label": null, "stockLimit": null, "__typename": "ProductAvailability"}, "sponsored": false, "auctionId": null, "link": "/producten/jumbo-banaansjalotjes-400g-218814NET", "retailSet": false, "prices": {"price": 189, "promoPrice": null, "pricePerUnit": {"price": 473, "unit": "kg", "__typename": "PricePerUnit"}, "__typename": "Price"}, "quantityDetails": {"maxAmount": 99, "minAmount": 1, "stepAmount": 1, "defaultAmount": 1, "__typename": "Quantity"}, "primaryBadge": [], "secondaryBadges": [{"alt": "Van dichtbij", "image": "/INTERSHOP/static/WFS/Jumbo-Site/Grocery/Jumbo-Grocery/nl_NL/PIMProductBadge/van-dichtbij.png", "__typename": "Badge"}], "badgeDescription": null, "customerAllergies": {"short": "", "__typename": "CustomerAllergies"}, "promotions": [], "surcharges": [], "__typename": "Product", "crossSells": [], "retailSetProducts": []}, {"id": "212634STK", "brand": "Jumbo", "category": "Aardappelen, groente en fruit", "subtitle": "150 g", "title": "Jumbo Julienne Wortel 150g", "image": "https://retrieval.dam-lite.prod.aws.jumbo.com/fit-in/360x360/Products/09082023_1691585358431_1691585362789_8718452310197_1.png", "inAssortment": true, "availability": {"availability": "AVAILABLE", "isAvailable": true, "label": null, "stockLimit": null, "__typename": "ProductAvailability"}, "sponsored": false, "auctionId": null, "link": "/producten/jumbo-julienne-wortel-150g-212634STK", "retailSet": false, "prices": {"price": 199, "promoPrice": null, "pricePerUnit": {"price": 1327, "unit": "kg", "__typename": "PricePerUnit"}, "__typename": "Price"}, "quantityDetails": {"maxAmount": 99, "minAmount": 1, "stepAmount": 1, "defaultAmount": 1, "__typename": "Quantity"}, "primaryBadge": [], "secondaryBadges": [{"alt": "THT logo", "image": "/INTERSHOP/static/WFS/Jumbo-Site/Grocery/Jumbo-Grocery/nl_NL/PIMProductBadge/tht-2+.png", "__typename": "Badge"}], "badgeDescription": "2+ dagen houdbaar", "customerAllergies": {"short": "", "__typename": "CustomerAllergies"}, "promotions": [], "surcharges": [], "__typename": "Product", "crossSells": [], "retailSetProducts": []}, {"id": "81168POT", "brand": "HAK", "category": "Conserven, soepen, sauzen, oli\u00ebn", "subtitle": "340 g", "title": "Hak Sperziebonen 340g", "image": "https://retrieval.dam-lite.prod.aws.jumbo.com/fit-in/360x360/Products/81168_8720600608926_1_T1_81168POT1691392557148.png", "inAssortment": true, "availability": {"availability": "AVAILABLE", "isAvailable": true, "label": null, "stockLimit": null, "__typename": "ProductAvailability"}, "sponsored": false, "auctionId": null, "link": "/producten/hak-sperziebonen-340g-81168POT", "retailSet": false, "prices": {"price": 173, "promoPrice": null, "pricePerUnit": {"price": 935, "unit": "kg", "__typename": "PricePerUnit"}, "__typename": "Price"}, "quantityDetails": {"maxAmount": 99, "minAmount": 1, "stepAmount": 1, "defaultAmount": 1, "__typename": "Quantity"}, "primaryBadge": [], "secondaryBadges": [], "badgeDescription": null, "customerAllergies": {"short": "", "__typename": "CustomerAllergies"}, "promotions": [], "surcharges": [], "__typename": "Product", "crossSells": [], "retailSetProducts": []}, {"id": "435167STK", "brand": "JUMBO", "category": "Aardappelen, groente en fruit", "subtitle": "2 stuks", "title": "Jumbo Biologische Paprika 2 Stuks", "image": "https://retrieval.dam-lite.prod.aws.jumbo.com/fit-in/360x360/Products/18092023_1695050964339_1695050970613_8718452566808_1.png", "inAssortment": true, "availability": {"availability": "AVAILABLE", "isAvailable": true, "label": null, "stockLimit": null, "__typename": "ProductAvailability"}, "sponsored": false, "auctionId": null, "link": "/producten/jumbo-biologische-paprika-2-stuks-435167STK", "retailSet": false, "prices": {"price": 249, "promoPrice": null, "pricePerUnit": {"price": 125, "unit": "pieces", "__typename": "PricePerUnit"}, "__typename": "Price"}, "quantityDetails": {"maxAmount": 99, "minAmount": 1, "stepAmount": 1, "defaultAmount": 1, "__typename": "Quantity"}, "primaryBadge": [], "secondaryBadges": [], "badgeDescription": null, "customerAllergies": {"short": "", "__typename": "CustomerAllergies"}, "promotions": [], "surcharges": [], "__typename": "Product", "crossSells": [], "retailSetProducts": []}, {"id": "391877ZK", "brand": "JUMBO", "category": "Aardappelen, groente en fruit", "subtitle": "600 g", "title": "Jumbo Mini Krieltjes 600g", "image": "https://retrieval.dam-lite.prod.aws.jumbo.com/fit-in/360x360/Products/09082023_1691588004237_1691588014194_8718452309245_1.png", "inAssortment": true, "availability": {"availability": "AVAILABLE", "isAvailable": true, "label": null, "stockLimit": null, "__typename": "ProductAvailability"}, "sponsored": false, "auctionId": null, "link": "/producten/jumbo-mini-krieltjes-600g-391877ZK", "retailSet": false, "prices": {"price": 113, "promoPrice": null, "pricePerUnit": {"price": 188, "unit": "kg", "__typename": "PricePerUnit"}, "__typename": "Price"}, "quantityDetails": {"maxAmount": 99, "minAmount": 1, "stepAmount": 1, "defaultAmount": 1, "__typename": "Quantity"}, "primaryBadge": [], "secondaryBadges": [{"alt": "THT logo", "image": "/INTERSHOP/static/WFS/Jumbo-Site/Grocery/Jumbo-Grocery/nl_NL/PIMProductBadge/tht-2+.png", "__typename": "Badge"}], "badgeDescription": "2+ dagen houdbaar", "customerAllergies": {"short": "", "__typename": "CustomerAllergies"}, "promotions": [], "surcharges": [], "__typename": "Product", "crossSells": [], "retailSetProducts": []}, {"id": "285592STK", "brand": "Jumbo", "category": "Aardappelen, groente en fruit", "subtitle": null, "title": "Jumbo Bospeen", "image": "https://retrieval.dam-lite.prod.aws.jumbo.com/fit-in/360x360/Products/18092023_1695031625739_1695031632009_8711715882226_1.png", "inAssortment": true, "availability": {"availability": "AVAILABLE", "isAvailable": true, "label": null, "stockLimit": null, "__typename": "ProductAvailability"}, "sponsored": false, "auctionId": null, "link": "/producten/jumbo-bospeen-285592STK", "retailSet": false, "prices": {"price": 159, "promoPrice": null, "pricePerUnit": {"price": 159, "unit": "pieces", "__typename": "PricePerUnit"}, "__typename": "Price"}, "quantityDetails": {"maxAmount": 99, "minAmount": 1, "stepAmount": 1, "defaultAmount": 1, "__typename": "Quantity"}, "primaryBadge": [], "secondaryBadges": [], "badgeDescription": null, "customerAllergies": {"short": "", "__typename": "CustomerAllergies"}, "promotions": [], "surcharges": [], "__typename": "Product", "crossSells": [{"sku": "182233POT", "__typename": "Product"}], "retailSetProducts": []}, {"id": "285590ZK", "brand": "Jumbo", "category": "Aardappelen, groente en fruit", "subtitle": "500 G", "title": "Jumbo Waspeen 500g", "image": "https://retrieval.dam-lite.prod.aws.jumbo.com/fit-in/360x360/Products/09082023_1691584708624_1691584718564_8711715882387_1.png", "inAssortment": true, "availability": {"availability": "AVAILABLE", "isAvailable": true, "label": null, "stockLimit": null, "__typename": "ProductAvailability"}, "sponsored": false, "auctionId": null, "link": "/producten/jumbo-waspeen-500g-285590ZK", "retailSet": false, "prices": {"price": 109, "promoPrice": null, "pricePerUnit": {"price": 218, "unit": "kg", "__typename": "PricePerUnit"}, "__typename": "Price"}, "quantityDetails": {"maxAmount": 99, "minAmount": 1, "stepAmount": 1, "defaultAmount": 1, "__typename": "Quantity"}, "primaryBadge": [], "secondaryBadges": [{"alt": "Van dichtbij", "image": "/INTERSHOP/static/WFS/Jumbo-Site/Grocery/Jumbo-Grocery/nl_NL/PIMProductBadge/van-dichtbij.png", "__typename": "Badge"}], "badgeDescription": null, "customerAllergies": {"short": "", "__typename": "CustomerAllergies"}, "promotions": [], "surcharges": [], "__typename": "Product", "crossSells": [], "retailSetProducts": []}, {"id": "176746PAK", "brand": "Jumbo", "category": "Aardappelen, groente en fruit", "subtitle": "2 stuks", "title": "Jumbo Mango 2 Stuks", "image": "https://retrieval.dam-lite.prod.aws.jumbo.com/fit-in/360x360/Products/02112023_1698946504848_1698946514584_8718452202225_1.png", "inAssortment": true, "availability": {"availability": "AVAILABLE", "isAvailable": true, "label": null, "stockLimit": null, "__typename": "ProductAvailability"}, "sponsored": false, "auctionId": null, "link": "/producten/jumbo-mango-2-stuks-176746PAK", "retailSet": false, "prices": {"price": 359, "promoPrice": null, "pricePerUnit": {"price": 180, "unit": "pieces", "__typename": "PricePerUnit"}, "__typename": "Price"}, "quantityDetails": {"maxAmount": 99, "minAmount": 1, "stepAmount": 1, "defaultAmount": 1, "__typename": "Quantity"}, "primaryBadge": [], "secondaryBadges": [], "badgeDescription": null, "customerAllergies": {"short": "", "__typename": "CustomerAllergies"}, "promotions": [], "surcharges": [], "__typename": "Product", "crossSells": [{"sku": "415551SC", "__typename": "Product"}, {"sku": "37091STK", "__typename": "Product"}, {"sku": "206721BAK", "__typename": "Product"}], "retailSetProducts": []}, {"id": "211728STK", "brand": "Jumbo", "category": "Aardappelen, groente en fruit", "subtitle": "400 g", "title": "Jumbo Italiaanse Roerbakmix 400g", "image": "https://retrieval.dam-lite.prod.aws.jumbo.com/fit-in/360x360/Products/09082023_1691585109396_1691585122711_8718452311637_1.png", "inAssortment": true, "availability": {"availability": "AVAILABLE", "isAvailable": true, "label": null, "stockLimit": null, "__typename": "ProductAvailability"}, "sponsored": false, "auctionId": null, "link": "/producten/jumbo-italiaanse-roerbakmix-400g-211728STK", "retailSet": false, "prices": {"price": 199, "promoPrice": null, "pricePerUnit": {"price": 498, "unit": "kg", "__typename": "PricePerUnit"}, "__typename": "Price"}, "quantityDetails": {"maxAmount": 99, "minAmount": 1, "stepAmount": 1, "defaultAmount": 1, "__typename": "Quantity"}, "primaryBadge": [], "secondaryBadges": [{"alt": "THT logo", "image": "/INTERSHOP/static/WFS/Jumbo-Site/Grocery/Jumbo-Grocery/nl_NL/PIMProductBadge/tht-2+.png", "__typename": "Badge"}], "badgeDescription": "2+ dagen houdbaar", "customerAllergies": {"short": "", "__typename": "CustomerAllergies"}, "promotions": [{"id": "3798022-C-1", "group": "Seizoen", "isKiesAndMix": false, "image": "/INTERSHOP/static/WFS/Jumbo-Grocery-Site/-/Jumbo-Grocery/nl_NL/Images_Aanbiedingen/2023/Seizoensaanbiedingen/SA12/Jumbo%20roerbakgroente_280px.png", "tags": [{"text": "2 voor \u20ac 3,50", "inverse": false, "__typename": "PromotionTag"}], "start": {"dayShort": "wo", "date": 8, "monthShort": "nov", "__typename": "PromotionDateTime"}, "end": {"dayShort": "di", "date": 5, "monthShort": "dec", "__typename": "PromotionDateTime"}, "attachments": [{"type": "PromotionGroup-Badge", "path": "/INTERSHOP/web/WFS/Jumbo-Grocery-Site/nl_NL/-/EUR/ViewPromotionAttachment-OpenFile?unitName=Jumbo&LocaleId=nl_NL&DirectoryPath=PromotionBadges&FileName=Seizoen.svg", "__typename": "PromotionAttachment"}], "primaryBadge": [{"alt": "PromotionGroup-Badge", "image": "/INTERSHOP/web/WFS/Jumbo-Grocery-Site/nl_NL/-/EUR/ViewPromotionAttachment-OpenFile?unitName=Jumbo&LocaleId=nl_NL&DirectoryPath=PromotionBadges&FileName=Seizoen.svg", "__typename": "PromotionBadge"}], "__typename": "Promotion"}], "surcharges": [], "__typename": "Product", "crossSells": [{"sku": "25527FLS", "__typename": "Product"}], "retailSetProducts": []}, {"id": "582314ZK", "brand": "C\u00ealaVita\u00ae", "category": "Aardappelen, groente en fruit", "subtitle": "400 g", "title": "C\u00ealaV\u00edta Smaak Sensaties Smokey BBQ 400 g Zak", "image": "https://retrieval.dam-lite.prod.aws.jumbo.com/fit-in/360x360/Products/12102023_1697099642092_1697099669052_8710556814212_596.png", "inAssortment": true, "availability": {"availability": "TEMPORARILY_UNAVAILABLE", "isAvailable": false, "label": "Niet leverbaar", "stockLimit": null, "__typename": "ProductAvailability"}, "sponsored": false, "auctionId": null, "link": "/producten/celavita-smaak-sensaties-smokey-bbq-400-g-zak-582314ZK", "retailSet": false, "prices": {"price": 147, "promoPrice": null, "pricePerUnit": {"price": 368, "unit": "kg", "__typename": "PricePerUnit"}, "__typename": "Price"}, "quantityDetails": {"maxAmount": 99, "minAmount": 1, "stepAmount": 1, "defaultAmount": 1, "__typename": "Quantity"}, "primaryBadge": [], "secondaryBadges": [{"alt": "THT logo", "image": "/INTERSHOP/static/WFS/Jumbo-Site/Grocery/Jumbo-Grocery/nl_NL/PIMProductBadge/tht-2+.png", "__typename": "Badge"}], "badgeDescription": "2+ dagen houdbaar", "customerAllergies": {"short": "", "__typename": "CustomerAllergies"}, "promotions": [], "surcharges": [], "__typename": "Product", "crossSells": [], "retailSetProducts": []}, {"id": "383119ZK", "brand": "JUMBO", "category": "Aardappelen, groente en fruit", "subtitle": "3 kg", "title": "Jumbo Vastkokende Rode Aardappel 3kg", "image": "https://retrieval.dam-lite.prod.aws.jumbo.com/fit-in/360x360/Products/29092023_1695995272207_1695995277859_8718452499212_1.png", "inAssortment": true, "availability": {"availability": "AVAILABLE", "isAvailable": true, "label": null, "stockLimit": null, "__typename": "ProductAvailability"}, "sponsored": false, "auctionId": null, "link": "/producten/jumbo-vastkokende-rode-aardappel-3kg-383119ZK", "retailSet": false, "prices": {"price": 439, "promoPrice": null, "pricePerUnit": {"price": 146, "unit": "kg", "__typename": "PricePerUnit"}, "__typename": "Price"}, "quantityDetails": {"maxAmount": 99, "minAmount": 1, "stepAmount": 1, "defaultAmount": 1, "__typename": "Quantity"}, "primaryBadge": [], "secondaryBadges": [{"alt": "Van dichtbij", "image": "/INTERSHOP/static/WFS/Jumbo-Site/Grocery/Jumbo-Grocery/nl_NL/PIMProductBadge/van-dichtbij.png", "__typename": "Badge"}], "badgeDescription": null, "customerAllergies": {"short": "", "__typename": "CustomerAllergies"}, "promotions": [], "surcharges": [], "__typename": "Product", "crossSells": [], "retailSetProducts": []}, {"id": "531828FLS", "brand": "Jumbo", "category": "Aardappelen, groente en fruit", "subtitle": "250 ml", "title": "Jumbo Vers Sap Chia, Spinazie, Kiwi, Mango & Appel 250ML", "image": "https://retrieval.dam-lite.prod.aws.jumbo.com/fit-in/360x360/Products/531828_8718452668755_1_T1_213217FLS1691076939417.png", "inAssortment": true, "availability": {"availability": "AVAILABLE", "isAvailable": true, "label": null, "stockLimit": null, "__typename": "ProductAvailability"}, "sponsored": false, "auctionId": null, "link": "/producten/jumbo-vers-sap-chia-spinazie-kiwi-mango-appel-250ml-531828FLS", "retailSet": false, "prices": {"price": 199, "promoPrice": null, "pricePerUnit": {"price": 796, "unit": "l", "__typename": "PricePerUnit"}, "__typename": "Price"}, "quantityDetails": {"maxAmount": 99, "minAmount": 1, "stepAmount": 1, "defaultAmount": 1, "__typename": "Quantity"}, "primaryBadge": [], "secondaryBadges": [{"alt": "THT logo", "image": "/INTERSHOP/static/WFS/Jumbo-Site/Grocery/Jumbo-Grocery/nl_NL/PIMProductBadge/tht-10+.png", "__typename": "Badge"}], "badgeDescription": "10+ dagen houdbaar", "customerAllergies": {"short": "", "__typename": "CustomerAllergies"}, "promotions": [], "surcharges": [], "__typename": "Product", "crossSells": [], "retailSetProducts": []}, {"id": "302236STK", "brand": "JUMBO", "category": "Aardappelen, groente en fruit", "subtitle": "200 G", "title": "Jumbo Tros Cherry Tomaten 200g", "image": "https://retrieval.dam-lite.prod.aws.jumbo.com/fit-in/360x360/Products/29092023_1695994884164_1695994888334_8718449007420_1.png", "inAssortment": true, "availability": {"availability": "AVAILABLE", "isAvailable": true, "label": null, "stockLimit": null, "__typename": "ProductAvailability"}, "sponsored": false, "auctionId": null, "link": "/producten/jumbo-tros-cherry-tomaten-200g-302236STK", "retailSet": false, "prices": {"price": 269, "promoPrice": null, "pricePerUnit": {"price": 1345, "unit": "kg", "__typename": "PricePerUnit"}, "__typename": "Price"}, "quantityDetails": {"maxAmount": 99, "minAmount": 1, "stepAmount": 1, "defaultAmount": 1, "__typename": "Quantity"}, "primaryBadge": [], "secondaryBadges": [], "badgeDescription": null, "customerAllergies": {"short": "", "__typename": "CustomerAllergies"}, "promotions": [], "surcharges": [], "__typename": "Product", "crossSells": [], "retailSetProducts": []}, {"id": "362324ZK", "brand": "JUMBO", "category": "Aardappelen, groente en fruit", "subtitle": "150 g", "title": "Jumbo Melange Jonge Bladsla & Rucola Voordeelverpakking 150g", "image": "https://retrieval.dam-lite.prod.aws.jumbo.com/fit-in/360x360/Products/29092023_1695995173568_1695995185268_8718452529131_1.png", "inAssortment": true, "availability": {"availability": "AVAILABLE", "isAvailable": true, "label": null, "stockLimit": null, "__typename": "ProductAvailability"}, "sponsored": false, "auctionId": null, "link": "/producten/jumbo-melange-jonge-bladsla-rucola-voordeelverpakking-150g-362324ZK", "retailSet": false, "prices": {"price": 200, "promoPrice": null, "pricePerUnit": {"price": 1333, "unit": "kg", "__typename": "PricePerUnit"}, "__typename": "Price"}, "quantityDetails": {"maxAmount": 99, "minAmount": 1, "stepAmount": 1, "defaultAmount": 1, "__typename": "Quantity"}, "primaryBadge": [], "secondaryBadges": [{"alt": "THT logo", "image": "/INTERSHOP/static/WFS/Jumbo-Site/Grocery/Jumbo-Grocery/nl_NL/PIMProductBadge/tht-2+.png", "__typename": "Badge"}], "badgeDescription": "2+ dagen houdbaar", "customerAllergies": {"short": "", "__typename": "CustomerAllergies"}, "promotions": [], "surcharges": [], "__typename": "Product", "crossSells": [], "retailSetProducts": []}, {"id": "551857ZK", "brand": "JUMBO", "category": "Aardappelen, groente en fruit", "subtitle": "600 g", "title": "Jumbo Aardappelpartjes Kruidenbotersmaak met Schil 600g", "image": "https://retrieval.dam-lite.prod.aws.jumbo.com/fit-in/360x360/Products/09082023_1691594061064_1691594068660_8718452697687_1.png", "inAssortment": true, "availability": {"availability": "AVAILABLE", "isAvailable": true, "label": null, "stockLimit": null, "__typename": "ProductAvailability"}, "sponsored": false, "auctionId": null, "link": "/producten/jumbo-aardappelpartjes-kruidenbotersmaak-met-schil-600g-551857ZK", "retailSet": false, "prices": {"price": 139, "promoPrice": null, "pricePerUnit": {"price": 232, "unit": "kg", "__typename": "PricePerUnit"}, "__typename": "Price"}, "quantityDetails": {"maxAmount": 99, "minAmount": 1, "stepAmount": 1, "defaultAmount": 1, "__typename": "Quantity"}, "primaryBadge": [], "secondaryBadges": [{"alt": "THT logo", "image": "/INTERSHOP/static/WFS/Jumbo-Site/Grocery/Jumbo-Grocery/nl_NL/PIMProductBadge/tht-2+.png", "__typename": "Badge"}], "badgeDescription": "2+ dagen houdbaar", "customerAllergies": {"short": "", "__typename": "CustomerAllergies"}, "promotions": [], "surcharges": [], "__typename": "Product", "crossSells": [], "retailSetProducts": []}, {"id": "159426STK", "brand": "Jumbo", "category": "Aardappelen, groente en fruit", "subtitle": null, "title": "Jumbo Biologisch Courgette", "image": "https://retrieval.dam-lite.prod.aws.jumbo.com/fit-in/360x360/Products/courgette1f2e62c9d-bedd-436c-adda-83335eb2e199-1696948120340.png", "inAssortment": true, "availability": {"availability": "AVAILABLE", "isAvailable": true, "label": null, "stockLimit": null, "__typename": "ProductAvailability"}, "sponsored": false, "auctionId": null, "link": "/producten/jumbo-biologisch-courgette-159426STK", "retailSet": false, "prices": {"price": 149, "promoPrice": null, "pricePerUnit": {"price": 149, "unit": "pieces", "__typename": "PricePerUnit"}, "__typename": "Price"}, "quantityDetails": {"maxAmount": 99, "minAmount": 1, "stepAmount": 1, "defaultAmount": 1, "__typename": "Quantity"}, "primaryBadge": [], "secondaryBadges": [], "badgeDescription": null, "customerAllergies": {"short": "", "__typename": "CustomerAllergies"}, "promotions": [], "surcharges": [], "__typename": "Product", "crossSells": [{"sku": "437864POT", "__typename": "Product"}], "retailSetProducts": []}, {"id": "578730STK", "brand": "Jumbo", "category": "Aardappelen, groente en fruit", "subtitle": "125 G", "title": "Jumbo Bramen 125g", "image": "https://retrieval.dam-lite.prod.aws.jumbo.com/fit-in/360x360/Products/18092023_1695058491725_1695058502363_8711715818768_1.png", "inAssortment": true, "availability": {"availability": "AVAILABLE", "isAvailable": true, "label": null, "stockLimit": null, "__typename": "ProductAvailability"}, "sponsored": false, "auctionId": null, "link": "/producten/jumbo-bramen-125g-578730STK", "retailSet": false, "prices": {"price": 249, "promoPrice": null, "pricePerUnit": {"price": 1992, "unit": "kg", "__typename": "PricePerUnit"}, "__typename": "Price"}, "quantityDetails": {"maxAmount": 99, "minAmount": 1, "stepAmount": 1, "defaultAmount": 1, "__typename": "Quantity"}, "primaryBadge": [], "secondaryBadges": [], "badgeDescription": null, "customerAllergies": {"short": "", "__typename": "CustomerAllergies"}, "promotions": [], "surcharges": [], "__typename": "Product", "crossSells": [], "retailSetProducts": []}, {"id": "175406STK", "brand": "Jumbo", "category": "Aardappelen, groente en fruit", "subtitle": "200 g", "title": "Jumbo Snoeptomaatjes Biologische 200g", "image": "https://retrieval.dam-lite.prod.aws.jumbo.com/fit-in/360x360/Products/18092023_1695031927621_1695031935371_8718452107834_1.png", "inAssortment": true, "availability": {"availability": "AVAILABLE", "isAvailable": true, "label": null, "stockLimit": null, "__typename": "ProductAvailability"}, "sponsored": false, "auctionId": null, "link": "/producten/jumbo-snoeptomaatjes-biologische-200g-175406STK", "retailSet": false, "prices": {"price": 200, "promoPrice": null, "pricePerUnit": {"price": 1000, "unit": "kg", "__typename": "PricePerUnit"}, "__typename": "Price"}, "quantityDetails": {"maxAmount": 99, "minAmount": 1, "stepAmount": 1, "defaultAmount": 1, "__typename": "Quantity"}, "primaryBadge": [], "secondaryBadges": [], "badgeDescription": null, "customerAllergies": {"short": "", "__typename": "CustomerAllergies"}, "promotions": [], "surcharges": [], "__typename": "Product", "crossSells": [], "retailSetProducts": []}, {"id": "306035PAK", "brand": "Jazz", "category": "Aardappelen, groente en fruit", "subtitle": "4 stuks", "title": "Jazz Zoete Appels 4 Stuks", "image": "https://retrieval.dam-lite.prod.aws.jumbo.com/fit-in/360x360/Products/29092023_1695995099596_1695995107767_8710147615266_1.png", "inAssortment": true, "availability": {"availability": "AVAILABLE", "isAvailable": true, "label": null, "stockLimit": null, "__typename": "ProductAvailability"}, "sponsored": false, "auctionId": null, "link": "/producten/jazz-zoete-appels-4-stuks-306035PAK", "retailSet": false, "prices": {"price": 339, "promoPrice": null, "pricePerUnit": {"price": 85, "unit": "pieces", "__typename": "PricePerUnit"}, "__typename": "Price"}, "quantityDetails": {"maxAmount": 99, "minAmount": 1, "stepAmount": 1, "defaultAmount": 1, "__typename": "Quantity"}, "primaryBadge": [], "secondaryBadges": [], "badgeDescription": null, "customerAllergies": {"short": "", "__typename": "CustomerAllergies"}, "promotions": [], "surcharges": [], "__typename": "Product", "crossSells": [], "retailSetProducts": []}, {"id": "194938ZK", "brand": "JUMBO", "category": "Aardappelen, groente en fruit", "subtitle": "500 g", "title": "Jumbo Gekookte Bietjes Biologisch 500g", "image": "https://retrieval.dam-lite.prod.aws.jumbo.com/fit-in/360x360/Products/18092023_1695046905047_1695046915061_8718452107476_1.png", "inAssortment": true, "availability": {"availability": "AVAILABLE", "isAvailable": true, "label": null, "stockLimit": null, "__typename": "ProductAvailability"}, "sponsored": false, "auctionId": null, "link": "/producten/jumbo-gekookte-bietjes-biologisch-500g-194938ZK", "retailSet": false, "prices": {"price": 145, "promoPrice": null, "pricePerUnit": {"price": 290, "unit": "kg", "__typename": "PricePerUnit"}, "__typename": "Price"}, "quantityDetails": {"maxAmount": 99, "minAmount": 1, "stepAmount": 1, "defaultAmount": 1, "__typename": "Quantity"}, "primaryBadge": [], "secondaryBadges": [], "badgeDescription": null, "customerAllergies": {"short": "", "__typename": "CustomerAllergies"}, "promotions": [], "surcharges": [], "__typename": "Product", "crossSells": [], "retailSetProducts": []}, {"id": "574850ZK", "brand": "Jumbo", "category": "Aardappelen, groente en fruit", "subtitle": "500 g", "title": "Jumbo Krieltjes 500g", "image": "https://retrieval.dam-lite.prod.aws.jumbo.com/fit-in/360x360/Products/09082023_1691585200995_1691585213286_8718452309177_1.png", "inAssortment": true, "availability": {"availability": "AVAILABLE", "isAvailable": true, "label": null, "stockLimit": null, "__typename": "ProductAvailability"}, "sponsored": false, "auctionId": null, "link": "/producten/jumbo-krieltjes-500g-574850ZK", "retailSet": false, "prices": {"price": 104, "promoPrice": null, "pricePerUnit": {"price": 208, "unit": "kg", "__typename": "PricePerUnit"}, "__typename": "Price"}, "quantityDetails": {"maxAmount": 99, "minAmount": 1, "stepAmount": 1, "defaultAmount": 1, "__typename": "Quantity"}, "primaryBadge": [], "secondaryBadges": [{"alt": "THT logo", "image": "/INTERSHOP/static/WFS/Jumbo-Site/Grocery/Jumbo-Grocery/nl_NL/PIMProductBadge/tht-2+.png", "__typename": "Badge"}], "badgeDescription": "2+ dagen houdbaar", "customerAllergies": {"short": "", "__typename": "CustomerAllergies"}, "promotions": [], "surcharges": [], "__typename": "Product", "crossSells": [], "retailSetProducts": []}, {"id": "489039PAK", "brand": "CoolBest\u00ae", "category": "Aardappelen, groente en fruit", "subtitle": "1 LITER", "title": "CoolBest Funky Forest Fruit 1L", "image": "https://retrieval.dam-lite.prod.aws.jumbo.com/fit-in/360x360/Products/10082023_1691677233213_1691677234815_8720157467281_1.png", "inAssortment": true, "availability": {"availability": "AVAILABLE", "isAvailable": true, "label": null, "stockLimit": null, "__typename": "ProductAvailability"}, "sponsored": false, "auctionId": null, "link": "/producten/coolbest-funky-forest-fruit-1l-489039PAK", "retailSet": false, "prices": {"price": 256, "promoPrice": null, "pricePerUnit": {"price": 256, "unit": "l", "__typename": "PricePerUnit"}, "__typename": "Price"}, "quantityDetails": {"maxAmount": 99, "minAmount": 1, "stepAmount": 1, "defaultAmount": 1, "__typename": "Quantity"}, "primaryBadge": [], "secondaryBadges": [{"alt": "THT logo", "image": "/INTERSHOP/static/WFS/Jumbo-Site/Grocery/Jumbo-Grocery/nl_NL/PIMProductBadge/tht-10+.png", "__typename": "Badge"}], "badgeDescription": "10+ dagen houdbaar", "customerAllergies": {"short": "", "__typename": "CustomerAllergies"}, "promotions": [], "surcharges": [], "__typename": "Product", "crossSells": [], "retailSetProducts": []}, {"id": "237866ZK", "brand": "Jumbo", "category": "Aardappelen, groente en fruit", "subtitle": "250 g", "title": "Jumbo Bami & Nasi Groente 250 g - Kleinverpakking", "image": "https://retrieval.dam-lite.prod.aws.jumbo.com/fit-in/360x360/Products/09082023_1691585110842_1691585135516_8718452311484_1.png", "inAssortment": true, "availability": {"availability": "AVAILABLE", "isAvailable": true, "label": null, "stockLimit": null, "__typename": "ProductAvailability"}, "sponsored": false, "auctionId": null, "link": "/producten/jumbo-bami-nasi-groente-250-g-kleinverpakking-237866ZK", "retailSet": false, "prices": {"price": 149, "promoPrice": null, "pricePerUnit": {"price": 596, "unit": "kg", "__typename": "PricePerUnit"}, "__typename": "Price"}, "quantityDetails": {"maxAmount": 99, "minAmount": 1, "stepAmount": 1, "defaultAmount": 1, "__typename": "Quantity"}, "primaryBadge": [], "secondaryBadges": [{"alt": "THT logo", "image": "/INTERSHOP/static/WFS/Jumbo-Site/Grocery/Jumbo-Grocery/nl_NL/PIMProductBadge/tht-2+.png", "__typename": "Badge"}], "badgeDescription": "2+ dagen houdbaar", "customerAllergies": {"short": "", "__typename": "CustomerAllergies"}, "promotions": [], "surcharges": [], "__typename": "Product", "crossSells": [], "retailSetProducts": []}, {"id": "160515STK", "brand": "Jumbo", "category": "Aardappelen, groente en fruit", "subtitle": "3 stuks", "title": "Jumbo Limoenen 3 Stuks", "image": "https://retrieval.dam-lite.prod.aws.jumbo.com/fit-in/360x360/Products/10082023_1691674956902_1691674993696_8718449059207_1.png", "inAssortment": true, "availability": {"availability": "AVAILABLE", "isAvailable": true, "label": null, "stockLimit": null, "__typename": "ProductAvailability"}, "sponsored": false, "auctionId": null, "link": "/producten/jumbo-limoenen-3-stuks-160515STK", "retailSet": false, "prices": {"price": 149, "promoPrice": null, "pricePerUnit": {"price": 50, "unit": "pieces", "__typename": "PricePerUnit"}, "__typename": "Price"}, "quantityDetails": {"maxAmount": 99, "minAmount": 1, "stepAmount": 1, "defaultAmount": 1, "__typename": "Quantity"}, "primaryBadge": [], "secondaryBadges": [], "badgeDescription": null, "customerAllergies": {"short": "", "__typename": "CustomerAllergies"}, "promotions": [], "surcharges": [], "__typename": "Product", "crossSells": [], "retailSetProducts": []}, {"id": "482019ZK", "brand": "JUMBO", "category": "Aardappelen, groente en fruit", "subtitle": "600 g", "title": "Jumbo BBQ Mini Krieltjes 600g", "image": "https://retrieval.dam-lite.prod.aws.jumbo.com/fit-in/360x360/Products/10082023_1691677233111_1691677241558_8718452644612_1.png", "inAssortment": true, "availability": {"availability": "AVAILABLE", "isAvailable": true, "label": null, "stockLimit": null, "__typename": "ProductAvailability"}, "sponsored": false, "auctionId": null, "link": "/producten/jumbo-bbq-mini-krieltjes-600g-482019ZK", "retailSet": false, "prices": {"price": 129, "promoPrice": null, "pricePerUnit": {"price": 215, "unit": "kg", "__typename": "PricePerUnit"}, "__typename": "Price"}, "quantityDetails": {"maxAmount": 99, "minAmount": 1, "stepAmount": 1, "defaultAmount": 1, "__typename": "Quantity"}, "primaryBadge": [], "secondaryBadges": [{"alt": "THT logo", "image": "/INTERSHOP/static/WFS/Jumbo-Site/Grocery/Jumbo-Grocery/nl_NL/PIMProductBadge/tht-2+.png", "__typename": "Badge"}], "badgeDescription": "2+ dagen houdbaar", "customerAllergies": {"short": "", "__typename": "CustomerAllergies"}, "promotions": [], "surcharges": [], "__typename": "Product", "crossSells": [], "retailSetProducts": []}, {"id": "423362ZK", "brand": "Jumbo", "category": "Aardappelen, groente en fruit", "subtitle": "85 g", "title": "Jumbo Rucola Gewassen 85g", "image": "https://retrieval.dam-lite.prod.aws.jumbo.com/fit-in/360x360/Products/09082023_1691586884648_1691586902738_8718452445370_1.png", "inAssortment": true, "availability": {"availability": "AVAILABLE", "isAvailable": true, "label": null, "stockLimit": null, "__typename": "ProductAvailability"}, "sponsored": false, "auctionId": null, "link": "/producten/jumbo-rucola-gewassen-85g-423362ZK", "retailSet": false, "prices": {"price": 104, "promoPrice": null, "pricePerUnit": {"price": 1224, "unit": "kg", "__typename": "PricePerUnit"}, "__typename": "Price"}, "quantityDetails": {"maxAmount": 99, "minAmount": 1, "stepAmount": 1, "defaultAmount": 1, "__typename": "Quantity"}, "primaryBadge": [], "secondaryBadges": [{"alt": "THT logo", "image": "/INTERSHOP/static/WFS/Jumbo-Site/Grocery/Jumbo-Grocery/nl_NL/PIMProductBadge/tht-2+.png", "__typename": "Badge"}], "badgeDescription": "2+ dagen houdbaar", "customerAllergies": {"short": "", "__typename": "CustomerAllergies"}, "promotions": [], "surcharges": [], "__typename": "Product", "crossSells": [], "retailSetProducts": []}, {"id": "392327ZK", "brand": "JUMBO", "category": "Aardappelen, groente en fruit", "subtitle": "500 g", "title": "Jumbo Kruimige Aardappelen 500g", "image": "https://retrieval.dam-lite.prod.aws.jumbo.com/fit-in/360x360/Products/29092023_1695996130295_1695996147312_8718452638574_1.png", "inAssortment": true, "availability": {"availability": "AVAILABLE", "isAvailable": true, "label": null, "stockLimit": null, "__typename": "ProductAvailability"}, "sponsored": false, "auctionId": null, "link": "/producten/jumbo-kruimige-aardappelen-500g-392327ZK", "retailSet": false, "prices": {"price": 129, "promoPrice": null, "pricePerUnit": {"price": 258, "unit": "kg", "__typename": "PricePerUnit"}, "__typename": "Price"}, "quantityDetails": {"maxAmount": 99, "minAmount": 1, "stepAmount": 1, "defaultAmount": 1, "__typename": "Quantity"}, "primaryBadge": [], "secondaryBadges": [{"alt": "THT logo", "image": "/INTERSHOP/static/WFS/Jumbo-Site/Grocery/Jumbo-Grocery/nl_NL/PIMProductBadge/tht-2+.png", "__typename": "Badge"}], "badgeDescription": "2+ dagen houdbaar", "customerAllergies": {"short": "", "__typename": "CustomerAllergies"}, "promotions": [], "surcharges": [], "__typename": "Product", "crossSells": [{"sku": "92452TRA", "__typename": "Product"}, {"sku": "547365TRA", "__typename": "Product"}, {"sku": "212178STK", "__typename": "Product"}, {"sku": "380011ZK", "__typename": "Product"}, {"sku": "516887ZK", "__typename": "Product"}], "retailSetProducts": []}, {"id": "163473PAK", "brand": "JUMBO", "category": "Aardappelen, groente en fruit", "subtitle": "520 g", "title": "Jumbo Rodekool met Appel 520g", "image": "https://retrieval.dam-lite.prod.aws.jumbo.com/fit-in/360x360/Products/29092023_1695994871586_1695994875278_8718452063949_1.png", "inAssortment": true, "availability": {"availability": "AVAILABLE", "isAvailable": true, "label": null, "stockLimit": null, "__typename": "ProductAvailability"}, "sponsored": false, "auctionId": null, "link": "/producten/jumbo-rodekool-met-appel-520g-163473PAK", "retailSet": false, "prices": {"price": 119, "promoPrice": null, "pricePerUnit": {"price": 238, "unit": "kg", "__typename": "PricePerUnit"}, "__typename": "Price"}, "quantityDetails": {"maxAmount": 99, "minAmount": 1, "stepAmount": 1, "defaultAmount": 1, "__typename": "Quantity"}, "primaryBadge": [], "secondaryBadges": [{"alt": "Bekroonde producten", "image": "/INTERSHOP/static/WFS/Jumbo-Site/Grocery/Jumbo-Grocery/nl_NL/PIMProductBadge/sticker_trophy_85x85.png", "__typename": "Badge"}, {"alt": "Van dichtbij", "image": "/INTERSHOP/static/WFS/Jumbo-Site/Grocery/Jumbo-Grocery/nl_NL/PIMProductBadge/van-dichtbij.png", "__typename": "Badge"}], "badgeDescription": null, "customerAllergies": {"short": "", "__typename": "CustomerAllergies"}, "promotions": [], "surcharges": [], "__typename": "Product", "crossSells": [], "retailSetProducts": []}, {"id": "136175STK", "brand": "Bimi", "category": "Aardappelen, groente en fruit", "subtitle": "200 g", "title": "Bimi 200g", "image": "https://retrieval.dam-lite.prod.aws.jumbo.com/fit-in/360x360/Products/18092023_1695038164089_1695038177094_8718366804898_1.png", "inAssortment": true, "availability": {"availability": "AVAILABLE", "isAvailable": true, "label": null, "stockLimit": null, "__typename": "ProductAvailability"}, "sponsored": false, "auctionId": null, "link": "/producten/bimi-200g-136175STK", "retailSet": false, "prices": {"price": 299, "promoPrice": null, "pricePerUnit": {"price": 1495, "unit": "kg", "__typename": "PricePerUnit"}, "__typename": "Price"}, "quantityDetails": {"maxAmount": 99, "minAmount": 1, "stepAmount": 1, "defaultAmount": 1, "__typename": "Quantity"}, "primaryBadge": [], "secondaryBadges": [], "badgeDescription": null, "customerAllergies": {"short": "", "__typename": "CustomerAllergies"}, "promotions": [], "surcharges": [], "__typename": "Product", "crossSells": [], "retailSetProducts": []}, {"id": "212175STK", "brand": "JUMBO", "category": "Aardappelen, groente en fruit", "subtitle": "400 g", "title": "Jumbo Gewassen Spinazie 400g", "image": "https://retrieval.dam-lite.prod.aws.jumbo.com/fit-in/360x360/Products/09082023_1691594718992_1691594721343_8718452309863_1.png", "inAssortment": true, "availability": {"availability": "AVAILABLE", "isAvailable": true, "label": null, "stockLimit": null, "__typename": "ProductAvailability"}, "sponsored": false, "auctionId": null, "link": "/producten/jumbo-gewassen-spinazie-400g-212175STK", "retailSet": false, "prices": {"price": 151, "promoPrice": null, "pricePerUnit": {"price": 378, "unit": "kg", "__typename": "PricePerUnit"}, "__typename": "Price"}, "quantityDetails": {"maxAmount": 99, "minAmount": 1, "stepAmount": 1, "defaultAmount": 1, "__typename": "Quantity"}, "primaryBadge": [], "secondaryBadges": [{"alt": "THT logo", "image": "/INTERSHOP/static/WFS/Jumbo-Site/Grocery/Jumbo-Grocery/nl_NL/PIMProductBadge/tht-2+.png", "__typename": "Badge"}], "badgeDescription": "2+ dagen houdbaar", "customerAllergies": {"short": "", "__typename": "CustomerAllergies"}, "promotions": [], "surcharges": [], "__typename": "Product", "crossSells": [], "retailSetProducts": []}, {"id": "211743ZK", "brand": "Jumbo", "category": "Aardappelen, groente en fruit", "subtitle": "450 g", "title": "Jumbo Mini Krieltjes 450g", "image": "https://retrieval.dam-lite.prod.aws.jumbo.com/fit-in/360x360/Products/09082023_1691585197002_1691585207736_8718452309153_1.png", "inAssortment": true, "availability": {"availability": "AVAILABLE", "isAvailable": true, "label": null, "stockLimit": null, "__typename": "ProductAvailability"}, "sponsored": false, "auctionId": null, "link": "/producten/jumbo-mini-krieltjes-450g-211743ZK", "retailSet": false, "prices": {"price": 99, "promoPrice": null, "pricePerUnit": {"price": 220, "unit": "kg", "__typename": "PricePerUnit"}, "__typename": "Price"}, "quantityDetails": {"maxAmount": 99, "minAmount": 1, "stepAmount": 1, "defaultAmount": 1, "__typename": "Quantity"}, "primaryBadge": [], "secondaryBadges": [{"alt": "THT logo", "image": "/INTERSHOP/static/WFS/Jumbo-Site/Grocery/Jumbo-Grocery/nl_NL/PIMProductBadge/tht-2+.png", "__typename": "Badge"}], "badgeDescription": "2+ dagen houdbaar", "customerAllergies": {"short": "", "__typename": "CustomerAllergies"}, "promotions": [], "surcharges": [], "__typename": "Product", "crossSells": [], "retailSetProducts": []}, {"id": "577908BAK", "brand": "JUMBO", "category": "Aardappelen, groente en fruit", "subtitle": "300 g", "title": "Jumbo Groene Salade Grieks 300g", "image": "https://retrieval.dam-lite.prod.aws.jumbo.com/fit-in/360x360/Products/18092023_1695056823127_1695056833409_8718452454600_1.png", "inAssortment": true, "availability": {"availability": "AVAILABLE", "isAvailable": true, "label": null, "stockLimit": null, "__typename": "ProductAvailability"}, "sponsored": false, "auctionId": null, "link": "/producten/jumbo-groene-salade-grieks-300g-577908BAK", "retailSet": false, "prices": {"price": 389, "promoPrice": null, "pricePerUnit": {"price": 1297, "unit": "kg", "__typename": "PricePerUnit"}, "__typename": "Price"}, "quantityDetails": {"maxAmount": 99, "minAmount": 1, "stepAmount": 1, "defaultAmount": 1, "__typename": "Quantity"}, "primaryBadge": [], "secondaryBadges": [{"alt": "THT logo", "image": "/INTERSHOP/static/WFS/Jumbo-Site/Grocery/Jumbo-Grocery/nl_NL/PIMProductBadge/tht-1+.png", "__typename": "Badge"}], "badgeDescription": "1+ dagen houdbaar", "customerAllergies": {"short": "", "__typename": "CustomerAllergies"}, "promotions": [], "surcharges": [], "__typename": "Product", "crossSells": [{"sku": "578001ZK", "__typename": "Product"}, {"sku": "577945BAK", "__typename": "Product"}, {"sku": "578014DS", "__typename": "Product"}], "retailSetProducts": []}, {"id": "566232ZK", "brand": "JUMBO", "category": "Aardappelen, groente en fruit", "subtitle": "300 g", "title": "Jumbo Mini Wortelen 300g", "image": "https://retrieval.dam-lite.prod.aws.jumbo.com/fit-in/360x360/Products/09082023_1691594722388_1691594729928_8718452728589_1.png", "inAssortment": true, "availability": {"availability": "AVAILABLE", "isAvailable": true, "label": null, "stockLimit": null, "__typename": "ProductAvailability"}, "sponsored": false, "auctionId": null, "link": "/producten/jumbo-mini-wortelen-300g-566232ZK", "retailSet": false, "prices": {"price": 100, "promoPrice": null, "pricePerUnit": {"price": 333, "unit": "kg", "__typename": "PricePerUnit"}, "__typename": "Price"}, "quantityDetails": {"maxAmount": 99, "minAmount": 1, "stepAmount": 1, "defaultAmount": 1, "__typename": "Quantity"}, "primaryBadge": [], "secondaryBadges": [{"alt": "THT logo", "image": "/INTERSHOP/static/WFS/Jumbo-Site/Grocery/Jumbo-Grocery/nl_NL/PIMProductBadge/tht-2+.png", "__typename": "Badge"}, {"alt": "Van dichtbij", "image": "/INTERSHOP/static/WFS/Jumbo-Site/Grocery/Jumbo-Grocery/nl_NL/PIMProductBadge/van-dichtbij.png", "__typename": "Badge"}], "badgeDescription": "2+ dagen houdbaar", "customerAllergies": {"short": "", "__typename": "CustomerAllergies"}, "promotions": [], "surcharges": [], "__typename": "Product", "crossSells": [], "retailSetProducts": []}, {"id": "581148ZK", "brand": "JUMBO", "category": "Aardappelen, groente en fruit", "subtitle": "40 g", "title": "Jumbo Peterselie Vers 40g", "image": "https://retrieval.dam-lite.prod.aws.jumbo.com/fit-in/360x360/Products/05092023_1693928047792_1693928062218_8718452772261_1.png", "inAssortment": true, "availability": {"availability": "AVAILABLE", "isAvailable": true, "label": null, "stockLimit": null, "__typename": "ProductAvailability"}, "sponsored": false, "auctionId": null, "link": "/producten/jumbo-peterselie-vers-40g-581148ZK", "retailSet": false, "prices": {"price": 139, "promoPrice": null, "pricePerUnit": {"price": 3475, "unit": "kg", "__typename": "PricePerUnit"}, "__typename": "Price"}, "quantityDetails": {"maxAmount": 99, "minAmount": 1, "stepAmount": 1, "defaultAmount": 1, "__typename": "Quantity"}, "primaryBadge": [], "secondaryBadges": [{"alt": "THT logo", "image": "/INTERSHOP/static/WFS/Jumbo-Site/Grocery/Jumbo-Grocery/nl_NL/PIMProductBadge/tht-4+.png", "__typename": "Badge"}], "badgeDescription": "4+ dagen houdbaar", "customerAllergies": {"short": "", "__typename": "CustomerAllergies"}, "promotions": [], "surcharges": [], "__typename": "Product", "crossSells": [], "retailSetProducts": []}, {"id": "425055NET", "brand": "JUMBO", "category": "Aardappelen, groente en fruit", "subtitle": "750 GRAM", "title": "Jumbo Avocado's 750g", "image": "https://retrieval.dam-lite.prod.aws.jumbo.com/fit-in/360x360/Products/29092023_1695996432419_1695996441793_8718452558858_1.png", "inAssortment": true, "availability": {"availability": "AVAILABLE", "isAvailable": true, "label": null, "stockLimit": null, "__typename": "ProductAvailability"}, "sponsored": false, "auctionId": null, "link": "/producten/jumbo-avocado-s-750g-425055NET", "retailSet": false, "prices": {"price": 333, "promoPrice": null, "pricePerUnit": {"price": 444, "unit": "kg", "__typename": "PricePerUnit"}, "__typename": "Price"}, "quantityDetails": {"maxAmount": 99, "minAmount": 1, "stepAmount": 1, "defaultAmount": 1, "__typename": "Quantity"}, "primaryBadge": [], "secondaryBadges": [], "badgeDescription": null, "customerAllergies": {"short": "", "__typename": "CustomerAllergies"}, "promotions": [], "surcharges": [], "__typename": "Product", "crossSells": [], "retailSetProducts": []}, {"id": "579225ZK", "brand": "JUMBO", "category": "Aardappelen, groente en fruit", "subtitle": "40 g", "title": "Jumbo Munt Vers 40g", "image": "https://retrieval.dam-lite.prod.aws.jumbo.com/fit-in/360x360/Products/05092023_1693928047518_1693928059686_8718452772247_1.png", "inAssortment": true, "availability": {"availability": "AVAILABLE", "isAvailable": true, "label": null, "stockLimit": null, "__typename": "ProductAvailability"}, "sponsored": false, "auctionId": null, "link": "/producten/jumbo-munt-vers-40g-579225ZK", "retailSet": false, "prices": {"price": 139, "promoPrice": null, "pricePerUnit": {"price": 3475, "unit": "kg", "__typename": "PricePerUnit"}, "__typename": "Price"}, "quantityDetails": {"maxAmount": 99, "minAmount": 1, "stepAmount": 1, "defaultAmount": 1, "__typename": "Quantity"}, "primaryBadge": [], "secondaryBadges": [{"alt": "THT logo", "image": "/INTERSHOP/static/WFS/Jumbo-Site/Grocery/Jumbo-Grocery/nl_NL/PIMProductBadge/tht-4+.png", "__typename": "Badge"}], "badgeDescription": "4+ dagen houdbaar", "customerAllergies": {"short": "", "__typename": "CustomerAllergies"}, "promotions": [], "surcharges": [], "__typename": "Product", "crossSells": [], "retailSetProducts": []}, {"id": "508695STK", "brand": "Jumbo", "category": "Aardappelen, groente en fruit", "subtitle": null, "title": "Jumbo Pastinaak Biologisch 400g", "image": "https://retrieval.dam-lite.prod.aws.jumbo.com/fit-in/360x360/Products/09082023_1691595042830_1691595045897_8718452652891_1.png", "inAssortment": true, "availability": {"availability": "AVAILABLE", "isAvailable": true, "label": null, "stockLimit": null, "__typename": "ProductAvailability"}, "sponsored": false, "auctionId": null, "link": "/producten/jumbo-pastinaak-biologisch-400g-508695STK", "retailSet": false, "prices": {"price": 185, "promoPrice": null, "pricePerUnit": {"price": 463, "unit": "kg", "__typename": "PricePerUnit"}, "__typename": "Price"}, "quantityDetails": {"maxAmount": 99, "minAmount": 1, "stepAmount": 1, "defaultAmount": 1, "__typename": "Quantity"}, "primaryBadge": [], "secondaryBadges": [{"alt": "Van dichtbij", "image": "/INTERSHOP/static/WFS/Jumbo-Site/Grocery/Jumbo-Grocery/nl_NL/PIMProductBadge/van-dichtbij.png", "__typename": "Badge"}], "badgeDescription": null, "customerAllergies": {"short": "", "__typename": "CustomerAllergies"}, "promotions": [], "surcharges": [], "__typename": "Product", "crossSells": [], "retailSetProducts": []}, {"id": "361459POT", "brand": "HAK", "category": "Aardappelen, groente en fruit", "subtitle": null, "title": "Hak Rode Kool met Stukjes Appel 700g", "image": "https://retrieval.dam-lite.prod.aws.jumbo.com/fit-in/360x360/Products/09082023_1691592278889_1691592307381_8720600619786_1.png", "inAssortment": true, "availability": {"availability": "AVAILABLE", "isAvailable": true, "label": null, "stockLimit": null, "__typename": "ProductAvailability"}, "sponsored": false, "auctionId": null, "link": "/producten/hak-rode-kool-met-stukjes-appel-700g-361459POT", "retailSet": false, "prices": {"price": 272, "promoPrice": null, "pricePerUnit": {"price": 389, "unit": "kg", "__typename": "PricePerUnit"}, "__typename": "Price"}, "quantityDetails": {"maxAmount": 99, "minAmount": 1, "stepAmount": 1, "defaultAmount": 1, "__typename": "Quantity"}, "primaryBadge": [], "secondaryBadges": [], "badgeDescription": null, "customerAllergies": {"short": "", "__typename": "CustomerAllergies"}, "promotions": [{"id": "3797002-C-1", "group": "Seizoen", "isKiesAndMix": false, "image": "/INTERSHOP/static/WFS/Jumbo-Grocery-Site/-/Jumbo-Grocery/nl_NL/Images_Aanbiedingen/2023/Seizoensaanbiedingen/SA12/HAK_280px.png", "tags": [{"text": "2 voor \u20ac 3,50", "inverse": false, "__typename": "PromotionTag"}], "start": {"dayShort": "wo", "date": 8, "monthShort": "nov", "__typename": "PromotionDateTime"}, "end": {"dayShort": "di", "date": 5, "monthShort": "dec", "__typename": "PromotionDateTime"}, "attachments": [{"type": "PromotionGroup-Badge", "path": "/INTERSHOP/web/WFS/Jumbo-Grocery-Site/nl_NL/-/EUR/ViewPromotionAttachment-OpenFile?unitName=Jumbo&LocaleId=nl_NL&DirectoryPath=PromotionBadges&FileName=Seizoen.svg", "__typename": "PromotionAttachment"}], "primaryBadge": [{"alt": "PromotionGroup-Badge", "image": "/INTERSHOP/web/WFS/Jumbo-Grocery-Site/nl_NL/-/EUR/ViewPromotionAttachment-OpenFile?unitName=Jumbo&LocaleId=nl_NL&DirectoryPath=PromotionBadges&FileName=Seizoen.svg", "__typename": "PromotionBadge"}], "__typename": "Promotion"}], "surcharges": [], "__typename": "Product", "crossSells": [], "retailSetProducts": []}, {"id": "576079BAK", "brand": "JUMBO", "category": "Aardappelen, groente en fruit", "subtitle": "16 g", "title": "Jumbo Stoofkruiden Bouquet Garni 16g", "image": "https://retrieval.dam-lite.prod.aws.jumbo.com/fit-in/360x360/Products/05092023_1693928047284_1693928056968_8718452752676_1.png", "inAssortment": true, "availability": {"availability": "AVAILABLE", "isAvailable": true, "label": null, "stockLimit": null, "__typename": "ProductAvailability"}, "sponsored": false, "auctionId": null, "link": "/producten/jumbo-stoofkruiden-bouquet-garni-16g-576079BAK", "retailSet": false, "prices": {"price": 159, "promoPrice": null, "pricePerUnit": {"price": 9938, "unit": "kg", "__typename": "PricePerUnit"}, "__typename": "Price"}, "quantityDetails": {"maxAmount": 99, "minAmount": 1, "stepAmount": 1, "defaultAmount": 1, "__typename": "Quantity"}, "primaryBadge": [], "secondaryBadges": [{"alt": "NIEUW", "image": "/INTERSHOP/static/WFS/Jumbo-Site/Grocery/Jumbo-Grocery/nl_NL/PIMProductBadge/nieuw.png", "__typename": "Badge"}, {"alt": "THT logo", "image": "/INTERSHOP/static/WFS/Jumbo-Site/Grocery/Jumbo-Grocery/nl_NL/PIMProductBadge/tht-2+.png", "__typename": "Badge"}], "badgeDescription": "2+ dagen houdbaar", "customerAllergies": {"short": "", "__typename": "CustomerAllergies"}, "promotions": [], "surcharges": [], "__typename": "Product", "crossSells": [], "retailSetProducts": []}, {"id": "214240STK", "brand": "JUMBO", "category": "Aardappelen, groente en fruit", "subtitle": null, "title": "Jumbo Knolselderij", "image": "https://retrieval.dam-lite.prod.aws.jumbo.com/fit-in/360x360/Products/18092023_1695063188054_1695063190890_25003123_1.png", "inAssortment": true, "availability": {"availability": "AVAILABLE", "isAvailable": true, "label": null, "stockLimit": null, "__typename": "ProductAvailability"}, "sponsored": false, "auctionId": null, "link": "/producten/jumbo-knolselderij-214240STK", "retailSet": false, "prices": {"price": 129, "promoPrice": null, "pricePerUnit": {"price": 129, "unit": "pieces", "__typename": "PricePerUnit"}, "__typename": "Price"}, "quantityDetails": {"maxAmount": 99, "minAmount": 1, "stepAmount": 1, "defaultAmount": 1, "__typename": "Quantity"}, "primaryBadge": [], "secondaryBadges": [{"alt": "Van dichtbij", "image": "/INTERSHOP/static/WFS/Jumbo-Site/Grocery/Jumbo-Grocery/nl_NL/PIMProductBadge/van-dichtbij.png", "__typename": "Badge"}, {"alt": "THT logo", "image": "/INTERSHOP/static/WFS/Jumbo-Site/Grocery/Jumbo-Grocery/nl_NL/PIMProductBadge/tht-2+.png", "__typename": "Badge"}], "badgeDescription": "2+ dagen houdbaar", "customerAllergies": {"short": "", "__typename": "CustomerAllergies"}, "promotions": [], "surcharges": [], "__typename": "Product", "crossSells": [], "retailSetProducts": []}, {"id": "336294ZK", "brand": "Jumbo", "category": "Aardappelen, groente en fruit", "subtitle": "400 g", "title": "Jumbo Chinese Roerbakmix 400g", "image": "https://retrieval.dam-lite.prod.aws.jumbo.com/fit-in/360x360/Products/09082023_1691585111100_1691585141698_8718452311613_1.png", "inAssortment": true, "availability": {"availability": "AVAILABLE", "isAvailable": true, "label": null, "stockLimit": null, "__typename": "ProductAvailability"}, "sponsored": false, "auctionId": null, "link": "/producten/jumbo-chinese-roerbakmix-400g-336294ZK", "retailSet": false, "prices": {"price": 208, "promoPrice": null, "pricePerUnit": {"price": 520, "unit": "kg", "__typename": "PricePerUnit"}, "__typename": "Price"}, "quantityDetails": {"maxAmount": 99, "minAmount": 1, "stepAmount": 1, "defaultAmount": 1, "__typename": "Quantity"}, "primaryBadge": [], "secondaryBadges": [{"alt": "THT logo", "image": "/INTERSHOP/static/WFS/Jumbo-Site/Grocery/Jumbo-Grocery/nl_NL/PIMProductBadge/tht-2+.png", "__typename": "Badge"}], "badgeDescription": "2+ dagen houdbaar", "customerAllergies": {"short": "", "__typename": "CustomerAllergies"}, "promotions": [{"id": "3798022-C-1", "group": "Seizoen", "isKiesAndMix": false, "image": "/INTERSHOP/static/WFS/Jumbo-Grocery-Site/-/Jumbo-Grocery/nl_NL/Images_Aanbiedingen/2023/Seizoensaanbiedingen/SA12/Jumbo%20roerbakgroente_280px.png", "tags": [{"text": "2 voor \u20ac 3,50", "inverse": false, "__typename": "PromotionTag"}], "start": {"dayShort": "wo", "date": 8, "monthShort": "nov", "__typename": "PromotionDateTime"}, "end": {"dayShort": "di", "date": 5, "monthShort": "dec", "__typename": "PromotionDateTime"}, "attachments": [{"type": "PromotionGroup-Badge", "path": "/INTERSHOP/web/WFS/Jumbo-Grocery-Site/nl_NL/-/EUR/ViewPromotionAttachment-OpenFile?unitName=Jumbo&LocaleId=nl_NL&DirectoryPath=PromotionBadges&FileName=Seizoen.svg", "__typename": "PromotionAttachment"}], "primaryBadge": [{"alt": "PromotionGroup-Badge", "image": "/INTERSHOP/web/WFS/Jumbo-Grocery-Site/nl_NL/-/EUR/ViewPromotionAttachment-OpenFile?unitName=Jumbo&LocaleId=nl_NL&DirectoryPath=PromotionBadges&FileName=Seizoen.svg", "__typename": "PromotionBadge"}], "__typename": "Promotion"}], "surcharges": [], "__typename": "Product", "crossSells": [{"sku": "162009ZK", "__typename": "Product"}], "retailSetProducts": []}, {"id": "237864ZK", "brand": "Jumbo", "category": "Aardappelen, groente en fruit", "subtitle": "150 g", "title": "Jumbo Gemengde Salade 150g", "image": "https://retrieval.dam-lite.prod.aws.jumbo.com/fit-in/360x360/Products/10082023_1691676547127_1691676559977_8718452316106_1.png", "inAssortment": true, "availability": {"availability": "AVAILABLE", "isAvailable": true, "label": null, "stockLimit": null, "__typename": "ProductAvailability"}, "sponsored": false, "auctionId": null, "link": "/producten/jumbo-gemengde-salade-150g-237864ZK", "retailSet": false, "prices": {"price": 259, "promoPrice": null, "pricePerUnit": {"price": 1727, "unit": "kg", "__typename": "PricePerUnit"}, "__typename": "Price"}, "quantityDetails": {"maxAmount": 99, "minAmount": 1, "stepAmount": 1, "defaultAmount": 1, "__typename": "Quantity"}, "primaryBadge": [], "secondaryBadges": [{"alt": "THT logo", "image": "/INTERSHOP/static/WFS/Jumbo-Site/Grocery/Jumbo-Grocery/nl_NL/PIMProductBadge/tht-2+.png", "__typename": "Badge"}], "badgeDescription": "2+ dagen houdbaar", "customerAllergies": {"short": "", "__typename": "CustomerAllergies"}, "promotions": [], "surcharges": [], "__typename": "Product", "crossSells": [], "retailSetProducts": []}, {"id": "211721ZK", "brand": "Jumbo", "category": "Aardappelen, groente en fruit", "subtitle": "400 g", "title": "Jumbo Champignon Roerbakmix 400g", "image": "https://retrieval.dam-lite.prod.aws.jumbo.com/fit-in/360x360/Products/09082023_1691585109236_1691585117155_8718452311590_1.png", "inAssortment": true, "availability": {"availability": "AVAILABLE", "isAvailable": true, "label": null, "stockLimit": null, "__typename": "ProductAvailability"}, "sponsored": false, "auctionId": null, "link": "/producten/jumbo-champignon-roerbakmix-400g-211721ZK", "retailSet": false, "prices": {"price": 209, "promoPrice": null, "pricePerUnit": {"price": 523, "unit": "kg", "__typename": "PricePerUnit"}, "__typename": "Price"}, "quantityDetails": {"maxAmount": 99, "minAmount": 1, "stepAmount": 1, "defaultAmount": 1, "__typename": "Quantity"}, "primaryBadge": [], "secondaryBadges": [{"alt": "THT logo", "image": "/INTERSHOP/static/WFS/Jumbo-Site/Grocery/Jumbo-Grocery/nl_NL/PIMProductBadge/tht-2+.png", "__typename": "Badge"}], "badgeDescription": "2+ dagen houdbaar", "customerAllergies": {"short": "", "__typename": "CustomerAllergies"}, "promotions": [{"id": "3798022-C-1", "group": "Seizoen", "isKiesAndMix": false, "image": "/INTERSHOP/static/WFS/Jumbo-Grocery-Site/-/Jumbo-Grocery/nl_NL/Images_Aanbiedingen/2023/Seizoensaanbiedingen/SA12/Jumbo%20roerbakgroente_280px.png", "tags": [{"text": "2 voor \u20ac 3,50", "inverse": false, "__typename": "PromotionTag"}], "start": {"dayShort": "wo", "date": 8, "monthShort": "nov", "__typename": "PromotionDateTime"}, "end": {"dayShort": "di", "date": 5, "monthShort": "dec", "__typename": "PromotionDateTime"}, "attachments": [{"type": "PromotionGroup-Badge", "path": "/INTERSHOP/web/WFS/Jumbo-Grocery-Site/nl_NL/-/EUR/ViewPromotionAttachment-OpenFile?unitName=Jumbo&LocaleId=nl_NL&DirectoryPath=PromotionBadges&FileName=Seizoen.svg", "__typename": "PromotionAttachment"}], "primaryBadge": [{"alt": "PromotionGroup-Badge", "image": "/INTERSHOP/web/WFS/Jumbo-Grocery-Site/nl_NL/-/EUR/ViewPromotionAttachment-OpenFile?unitName=Jumbo&LocaleId=nl_NL&DirectoryPath=PromotionBadges&FileName=Seizoen.svg", "__typename": "PromotionBadge"}], "__typename": "Promotion"}], "surcharges": [], "__typename": "Product", "crossSells": [], "retailSetProducts": []}, {"id": "213102PAK", "brand": "Jumbo", "category": "Wereldkeukens, kruiden, pasta en rijst", "subtitle": "20 G", "title": "Jumbo Basilicum Vers 20g", "image": "https://retrieval.dam-lite.prod.aws.jumbo.com/fit-in/360x360/Products/09082023_1691585197290_1691585210079_8718452323357_1.png", "inAssortment": true, "availability": {"availability": "AVAILABLE", "isAvailable": true, "label": null, "stockLimit": null, "__typename": "ProductAvailability"}, "sponsored": false, "auctionId": null, "link": "/producten/jumbo-basilicum-vers-20g-213102PAK", "retailSet": false, "prices": {"price": 159, "promoPrice": null, "pricePerUnit": {"price": 7950, "unit": "kg", "__typename": "PricePerUnit"}, "__typename": "Price"}, "quantityDetails": {"maxAmount": 99, "minAmount": 1, "stepAmount": 1, "defaultAmount": 1, "__typename": "Quantity"}, "primaryBadge": [], "secondaryBadges": [{"alt": "THT logo", "image": "/INTERSHOP/static/WFS/Jumbo-Site/Grocery/Jumbo-Grocery/nl_NL/PIMProductBadge/tht-2+.png", "__typename": "Badge"}], "badgeDescription": "2+ dagen houdbaar", "customerAllergies": {"short": "", "__typename": "CustomerAllergies"}, "promotions": [], "surcharges": [], "__typename": "Product", "crossSells": [{"sku": "283182FLS", "__typename": "Product"}], "retailSetProducts": []}, {"id": "212168STK", "brand": "JUMBO", "category": "Aardappelen, groente en fruit", "subtitle": "150 g", "title": "Jumbo Geschrapte Wortelen 150g", "image": "https://retrieval.dam-lite.prod.aws.jumbo.com/fit-in/360x360/Products/29092023_1695996696075_1695996704835_8718452741939_1.png", "inAssortment": true, "availability": {"availability": "AVAILABLE", "isAvailable": true, "label": null, "stockLimit": null, "__typename": "ProductAvailability"}, "sponsored": false, "auctionId": null, "link": "/producten/jumbo-geschrapte-wortelen-150g-212168STK", "retailSet": false, "prices": {"price": 85, "promoPrice": null, "pricePerUnit": {"price": 567, "unit": "kg", "__typename": "PricePerUnit"}, "__typename": "Price"}, "quantityDetails": {"maxAmount": 99, "minAmount": 1, "stepAmount": 1, "defaultAmount": 1, "__typename": "Quantity"}, "primaryBadge": [], "secondaryBadges": [{"alt": "THT logo", "image": "/INTERSHOP/static/WFS/Jumbo-Site/Grocery/Jumbo-Grocery/nl_NL/PIMProductBadge/tht-2+.png", "__typename": "Badge"}, {"alt": "Van dichtbij", "image": "/INTERSHOP/static/WFS/Jumbo-Site/Grocery/Jumbo-Grocery/nl_NL/PIMProductBadge/van-dichtbij.png", "__typename": "Badge"}], "badgeDescription": "2+ dagen houdbaar", "customerAllergies": {"short": "", "__typename": "CustomerAllergies"}, "promotions": [], "surcharges": [], "__typename": "Product", "crossSells": [], "retailSetProducts": []}, {"id": "220952POT", "brand": "Jumbo", "category": "Aardappelen, groente en fruit", "subtitle": "680 g", "title": "Jumbo Rode Kool met Appel 680g", "image": "https://retrieval.dam-lite.prod.aws.jumbo.com/fit-in/360x360/Products/09082023_1691585250416_1691585263364_8718452360123_1.png", "inAssortment": true, "availability": {"availability": "AVAILABLE", "isAvailable": true, "label": null, "stockLimit": null, "__typename": "ProductAvailability"}, "sponsored": false, "auctionId": null, "link": "/producten/jumbo-rode-kool-met-appel-680g-220952POT", "retailSet": false, "prices": {"price": 69, "promoPrice": null, "pricePerUnit": {"price": 101, "unit": "kg", "__typename": "PricePerUnit"}, "__typename": "Price"}, "quantityDetails": {"maxAmount": 99, "minAmount": 1, "stepAmount": 1, "defaultAmount": 1, "__typename": "Quantity"}, "primaryBadge": [], "secondaryBadges": [], "badgeDescription": null, "customerAllergies": {"short": "", "__typename": "CustomerAllergies"}, "promotions": [], "surcharges": [], "__typename": "Product", "crossSells": [], "retailSetProducts": []}, {"id": "462767PAK", "brand": "Jumbo", "category": "Aardappelen, groente en fruit", "subtitle": "200 g", "title": "Jumbo Paddenstoelen Pasta Melange 200g", "image": "https://retrieval.dam-lite.prod.aws.jumbo.com/fit-in/360x360/Products/18092023_1695034402828_1695034411636_8718452323166_1.png", "inAssortment": true, "availability": {"availability": "AVAILABLE", "isAvailable": true, "label": null, "stockLimit": null, "__typename": "ProductAvailability"}, "sponsored": false, "auctionId": null, "link": "/producten/jumbo-paddenstoelen-pasta-melange-200g-462767PAK", "retailSet": false, "prices": {"price": 329, "promoPrice": null, "pricePerUnit": {"price": 1645, "unit": "kg", "__typename": "PricePerUnit"}, "__typename": "Price"}, "quantityDetails": {"maxAmount": 99, "minAmount": 1, "stepAmount": 1, "defaultAmount": 1, "__typename": "Quantity"}, "primaryBadge": [], "secondaryBadges": [{"alt": "THT logo", "image": "/INTERSHOP/static/WFS/Jumbo-Site/Grocery/Jumbo-Grocery/nl_NL/PIMProductBadge/tht-2+.png", "__typename": "Badge"}], "badgeDescription": "2+ dagen houdbaar", "customerAllergies": {"short": "", "__typename": "CustomerAllergies"}, "promotions": [], "surcharges": [], "__typename": "Product", "crossSells": [], "retailSetProducts": []}, {"id": "413520TRA", "brand": "JUMBO", "category": "Aardappelen, groente en fruit", "subtitle": "425 g", "title": "Jumbo Patatas Bravas 425g", "image": "https://retrieval.dam-lite.prod.aws.jumbo.com/fit-in/360x360/Products/09082023_1691588062768_1691588142351_8718452530540_1.png", "inAssortment": true, "availability": {"availability": "AVAILABLE", "isAvailable": true, "label": null, "stockLimit": null, "__typename": "ProductAvailability"}, "sponsored": false, "auctionId": null, "link": "/producten/jumbo-patatas-bravas-425g-413520TRA", "retailSet": false, "prices": {"price": 299, "promoPrice": null, "pricePerUnit": {"price": 704, "unit": "kg", "__typename": "PricePerUnit"}, "__typename": "Price"}, "quantityDetails": {"maxAmount": 99, "minAmount": 1, "stepAmount": 1, "defaultAmount": 1, "__typename": "Quantity"}, "primaryBadge": [], "secondaryBadges": [{"alt": "THT logo", "image": "/INTERSHOP/static/WFS/Jumbo-Site/Grocery/Jumbo-Grocery/nl_NL/PIMProductBadge/tht-5+.png", "__typename": "Badge"}], "badgeDescription": "5+ dagen houdbaar", "customerAllergies": {"short": "", "__typename": "CustomerAllergies"}, "promotions": [], "surcharges": [], "__typename": "Product", "crossSells": [], "retailSetProducts": []}, {"id": "465533ZK", "brand": "JUMBO", "category": "Aardappelen, groente en fruit", "subtitle": "150 g", "title": "Jumbo Veldsla Gewassen Voordeelverpakking 150g", "image": "https://retrieval.dam-lite.prod.aws.jumbo.com/fit-in/360x360/Products/10082023_1691675708427_1691675710513_8718452594412_1.png", "inAssortment": true, "availability": {"availability": "AVAILABLE", "isAvailable": true, "label": null, "stockLimit": null, "__typename": "ProductAvailability"}, "sponsored": false, "auctionId": null, "link": "/producten/jumbo-veldsla-gewassen-voordeelverpakking-150g-465533ZK", "retailSet": false, "prices": {"price": 189, "promoPrice": null, "pricePerUnit": {"price": 1260, "unit": "kg", "__typename": "PricePerUnit"}, "__typename": "Price"}, "quantityDetails": {"maxAmount": 99, "minAmount": 1, "stepAmount": 1, "defaultAmount": 1, "__typename": "Quantity"}, "primaryBadge": [], "secondaryBadges": [{"alt": "THT logo", "image": "/INTERSHOP/static/WFS/Jumbo-Site/Grocery/Jumbo-Grocery/nl_NL/PIMProductBadge/tht-2+.png", "__typename": "Badge"}], "badgeDescription": "2+ dagen houdbaar", "customerAllergies": {"short": "", "__typename": "CustomerAllergies"}, "promotions": [], "surcharges": [], "__typename": "Product", "crossSells": [], "retailSetProducts": []}, {"id": "302246STK", "brand": "Jumbo", "category": "Aardappelen, groente en fruit", "subtitle": null, "title": "Jumbo Aubergine", "image": "https://retrieval.dam-lite.prod.aws.jumbo.com/fit-in/360x360/Products/09082023_1691581024935_1691581058895_8711715882189_1.png", "inAssortment": true, "availability": {"availability": "AVAILABLE", "isAvailable": true, "label": null, "stockLimit": null, "__typename": "ProductAvailability"}, "sponsored": false, "auctionId": null, "link": "/producten/jumbo-aubergine-302246STK", "retailSet": false, "prices": {"price": 92, "promoPrice": null, "pricePerUnit": {"price": 92, "unit": "pieces", "__typename": "PricePerUnit"}, "__typename": "Price"}, "quantityDetails": {"maxAmount": 99, "minAmount": 1, "stepAmount": 1, "defaultAmount": 1, "__typename": "Quantity"}, "primaryBadge": [], "secondaryBadges": [], "badgeDescription": null, "customerAllergies": {"short": "", "__typename": "CustomerAllergies"}, "promotions": [], "surcharges": [], "__typename": "Product", "crossSells": [], "retailSetProducts": []}, {"id": "306039SC", "brand": "Jumbo", "category": "Aardappelen, groente en fruit", "subtitle": "4 stuks", "title": "Jumbo Golden Delicious Appels 4 Stuks", "image": "https://retrieval.dam-lite.prod.aws.jumbo.com/fit-in/360x360/Products/09082023_1691586973998_1691586986379_8718452396511_1.png", "inAssortment": true, "availability": {"availability": "AVAILABLE", "isAvailable": true, "label": null, "stockLimit": null, "__typename": "ProductAvailability"}, "sponsored": false, "auctionId": null, "link": "/producten/jumbo-golden-delicious-appels-4-stuks-306039SC", "retailSet": false, "prices": {"price": 249, "promoPrice": null, "pricePerUnit": {"price": 62, "unit": "pieces", "__typename": "PricePerUnit"}, "__typename": "Price"}, "quantityDetails": {"maxAmount": 99, "minAmount": 1, "stepAmount": 1, "defaultAmount": 1, "__typename": "Quantity"}, "primaryBadge": [], "secondaryBadges": [{"alt": "Van dichtbij", "image": "/INTERSHOP/static/WFS/Jumbo-Site/Grocery/Jumbo-Grocery/nl_NL/PIMProductBadge/van-dichtbij.png", "__typename": "Badge"}, {"alt": "NIEUW", "image": "/INTERSHOP/static/WFS/Jumbo-Site/Grocery/Jumbo-Grocery/nl_NL/PIMProductBadge/nieuw.png", "__typename": "Badge"}], "badgeDescription": null, "customerAllergies": {"short": "", "__typename": "CustomerAllergies"}, "promotions": [], "surcharges": [], "__typename": "Product", "crossSells": [], "retailSetProducts": []}, {"id": "577921BAK", "brand": "Jumbo", "category": "Verse maaltijden en gemak", "subtitle": "250 g", "title": "Jumbo Groene Salade Italiaans 250g", "image": "https://retrieval.dam-lite.prod.aws.jumbo.com/fit-in/360x360/Products/29092023_1695995422116_1695995435271_8718452454587_1.png", "inAssortment": true, "availability": {"availability": "AVAILABLE", "isAvailable": true, "label": null, "stockLimit": null, "__typename": "ProductAvailability"}, "sponsored": false, "auctionId": null, "link": "/producten/jumbo-groene-salade-italiaans-250g-577921BAK", "retailSet": false, "prices": {"price": 389, "promoPrice": null, "pricePerUnit": {"price": 1556, "unit": "kg", "__typename": "PricePerUnit"}, "__typename": "Price"}, "quantityDetails": {"maxAmount": 99, "minAmount": 1, "stepAmount": 1, "defaultAmount": 1, "__typename": "Quantity"}, "primaryBadge": [], "secondaryBadges": [{"alt": "THT logo", "image": "/INTERSHOP/static/WFS/Jumbo-Site/Grocery/Jumbo-Grocery/nl_NL/PIMProductBadge/tht-1+.png", "__typename": "Badge"}], "badgeDescription": "1+ dagen houdbaar", "customerAllergies": {"short": "", "__typename": "CustomerAllergies"}, "promotions": [], "surcharges": [], "__typename": "Product", "crossSells": [{"sku": "577909BAK", "__typename": "Product"}, {"sku": "577904BAK", "__typename": "Product"}, {"sku": "577920BAK", "__typename": "Product"}, {"sku": "577908BAK", "__typename": "Product"}], "retailSetProducts": []}, {"id": "413523ZK", "brand": "JUMBO", "category": "Aardappelen, groente en fruit", "subtitle": "600 g", "title": "Jumbo Geroosterde Knoflook Opbakaardappelen 600g", "image": "https://retrieval.dam-lite.prod.aws.jumbo.com/fit-in/360x360/Products/18092023_1695060773957_1695060783424_8718452538850_1.png", "inAssortment": true, "availability": {"availability": "AVAILABLE", "isAvailable": true, "label": null, "stockLimit": null, "__typename": "ProductAvailability"}, "sponsored": false, "auctionId": null, "link": "/producten/jumbo-geroosterde-knoflook-opbakaardappelen-600g-413523ZK", "retailSet": false, "prices": {"price": 129, "promoPrice": null, "pricePerUnit": {"price": 215, "unit": "kg", "__typename": "PricePerUnit"}, "__typename": "Price"}, "quantityDetails": {"maxAmount": 99, "minAmount": 1, "stepAmount": 1, "defaultAmount": 1, "__typename": "Quantity"}, "primaryBadge": [], "secondaryBadges": [{"alt": "THT logo", "image": "/INTERSHOP/static/WFS/Jumbo-Site/Grocery/Jumbo-Grocery/nl_NL/PIMProductBadge/tht-2+.png", "__typename": "Badge"}], "badgeDescription": "2+ dagen houdbaar", "customerAllergies": {"short": "", "__typename": "CustomerAllergies"}, "promotions": [], "surcharges": [], "__typename": "Product", "crossSells": [], "retailSetProducts": []}, {"id": "485371BAK", "brand": null, "category": "Aardappelen, groente en fruit", "subtitle": "150 g", "title": "Jumbo Biologische Verse Gember 150g", "image": "https://retrieval.dam-lite.prod.aws.jumbo.com/fit-in/360x360/Products/485371_8718452633517_1_T1_478407BAK1691074544767.png", "inAssortment": true, "availability": {"availability": "AVAILABLE", "isAvailable": true, "label": null, "stockLimit": null, "__typename": "ProductAvailability"}, "sponsored": false, "auctionId": null, "link": "/producten/jumbo-biologische-verse-gember-150g-485371BAK", "retailSet": false, "prices": {"price": 185, "promoPrice": null, "pricePerUnit": {"price": 1233, "unit": "kg", "__typename": "PricePerUnit"}, "__typename": "Price"}, "quantityDetails": {"maxAmount": 99, "minAmount": 1, "stepAmount": 1, "defaultAmount": 1, "__typename": "Quantity"}, "primaryBadge": [], "secondaryBadges": [], "badgeDescription": null, "customerAllergies": {"short": "", "__typename": "CustomerAllergies"}, "promotions": [], "surcharges": [], "__typename": "Product", "crossSells": [], "retailSetProducts": []}, {"id": "583716ZK", "brand": "Jumbo", "category": "Aardappelen, groente en fruit", "subtitle": "300 g", "title": "Jumbo Biologische Gesneden Rode Kool 300g", "image": "https://retrieval.dam-lite.prod.aws.jumbo.com/fit-in/360x360/Products/18092023_1695039982130_1695039990776_8718452423842_1.png", "inAssortment": true, "availability": {"availability": "AVAILABLE", "isAvailable": true, "label": null, "stockLimit": null, "__typename": "ProductAvailability"}, "sponsored": false, "auctionId": null, "link": "/producten/jumbo-biologische-gesneden-rode-kool-300g-583716ZK", "retailSet": false, "prices": {"price": 229, "promoPrice": null, "pricePerUnit": {"price": 763, "unit": "kg", "__typename": "PricePerUnit"}, "__typename": "Price"}, "quantityDetails": {"maxAmount": 99, "minAmount": 1, "stepAmount": 1, "defaultAmount": 1, "__typename": "Quantity"}, "primaryBadge": [], "secondaryBadges": [{"alt": "Van dichtbij", "image": "/INTERSHOP/static/WFS/Jumbo-Site/Grocery/Jumbo-Grocery/nl_NL/PIMProductBadge/van-dichtbij.png", "__typename": "Badge"}, {"alt": "THT logo", "image": "/INTERSHOP/static/WFS/Jumbo-Site/Grocery/Jumbo-Grocery/nl_NL/PIMProductBadge/tht-2+.png", "__typename": "Badge"}], "badgeDescription": "2+ dagen houdbaar", "customerAllergies": {"short": "", "__typename": "CustomerAllergies"}, "promotions": [], "surcharges": [], "__typename": "Product", "crossSells": [], "retailSetProducts": []}, {"id": "532146FLS", "brand": "JUMBO", "category": "Aardappelen, groente en fruit", "subtitle": "250 ml", "title": "Jumbo Verse Ontbijt Smoothie Haver, Mango & Kokosmelk 250ML", "image": "https://retrieval.dam-lite.prod.aws.jumbo.com/fit-in/360x360/Products/532146_8718452668885_1_T1_382894FLS1691078729196.png", "inAssortment": true, "availability": {"availability": "AVAILABLE", "isAvailable": true, "label": null, "stockLimit": null, "__typename": "ProductAvailability"}, "sponsored": false, "auctionId": null, "link": "/producten/jumbo-verse-ontbijt-smoothie-haver-mango-kokosmelk-250ml-532146FLS", "retailSet": false, "prices": {"price": 199, "promoPrice": null, "pricePerUnit": {"price": 796, "unit": "l", "__typename": "PricePerUnit"}, "__typename": "Price"}, "quantityDetails": {"maxAmount": 99, "minAmount": 1, "stepAmount": 1, "defaultAmount": 1, "__typename": "Quantity"}, "primaryBadge": [], "secondaryBadges": [{"alt": "THT logo", "image": "/INTERSHOP/static/WFS/Jumbo-Site/Grocery/Jumbo-Grocery/nl_NL/PIMProductBadge/tht-10+.png", "__typename": "Badge"}], "badgeDescription": "10+ dagen houdbaar", "customerAllergies": {"short": "", "__typename": "CustomerAllergies"}, "promotions": [], "surcharges": [], "__typename": "Product", "crossSells": [], "retailSetProducts": []}, {"id": "577994DS", "brand": "JUMBO", "category": "Aardappelen, groente en fruit", "subtitle": "175 g", "title": "Jumbo Watermeloen Stukjes 175g", "image": "https://retrieval.dam-lite.prod.aws.jumbo.com/fit-in/360x360/Products/09082023_1691594178649_1691594197609_8718452698257_1.png", "inAssortment": true, "availability": {"availability": "TEMPORARILY_UNAVAILABLE", "isAvailable": false, "label": "Niet leverbaar", "stockLimit": null, "__typename": "ProductAvailability"}, "sponsored": false, "auctionId": null, "link": "/producten/jumbo-watermeloen-stukjes-175g-577994DS", "retailSet": false, "prices": {"price": 219, "promoPrice": null, "pricePerUnit": {"price": 1251, "unit": "kg", "__typename": "PricePerUnit"}, "__typename": "Price"}, "quantityDetails": {"maxAmount": 99, "minAmount": 1, "stepAmount": 1, "defaultAmount": 1, "__typename": "Quantity"}, "primaryBadge": [], "secondaryBadges": [], "badgeDescription": null, "customerAllergies": {"short": "", "__typename": "CustomerAllergies"}, "promotions": [{"id": "9396023-C-1", "group": "Seizoen", "isKiesAndMix": true, "image": "/INTERSHOP/static/WFS/Jumbo-Grocery-Site/-/Jumbo-Grocery/nl_NL/Images_Aanbiedingen/2023/Kies%20en%20Mix/KMgesnfruit.png", "tags": [{"text": "3 voor \u20ac 6,00", "inverse": false, "__typename": "PromotionTag"}], "start": {"dayShort": "vr", "date": 3, "monthShort": "nov", "__typename": "PromotionDateTime"}, "end": {"dayShort": "di", "date": 5, "monthShort": "dec", "__typename": "PromotionDateTime"}, "attachments": [{"type": "CustomBadge", "path": "/INTERSHOP/web/WFS/Jumbo-Grocery-Site/nl_NL/-/EUR/ViewPromotionAttachment-OpenFile?LocaleId=nl_NL&DirectoryPath=0003-Kies%26Mix&FileName=Kies_mix_nieuw.png&UnitName=Jumbo-Grocery", "__typename": "PromotionAttachment"}, {"type": "PromotionGroup-Badge", "path": "/INTERSHOP/web/WFS/Jumbo-Grocery-Site/nl_NL/-/EUR/ViewPromotionAttachment-OpenFile?unitName=Jumbo&LocaleId=nl_NL&DirectoryPath=PromotionBadges&FileName=Seizoen.svg", "__typename": "PromotionAttachment"}], "primaryBadge": [{"alt": "CustomBadge", "image": "/INTERSHOP/web/WFS/Jumbo-Grocery-Site/nl_NL/-/EUR/ViewPromotionAttachment-OpenFile?LocaleId=nl_NL&DirectoryPath=0003-Kies%26Mix&FileName=Kies_mix_nieuw.png&UnitName=Jumbo-Grocery", "__typename": "PromotionBadge"}, {"alt": "PromotionGroup-Badge", "image": "/INTERSHOP/web/WFS/Jumbo-Grocery-Site/nl_NL/-/EUR/ViewPromotionAttachment-OpenFile?unitName=Jumbo&LocaleId=nl_NL&DirectoryPath=PromotionBadges&FileName=Seizoen.svg", "__typename": "PromotionBadge"}], "__typename": "Promotion"}], "surcharges": [], "__typename": "Product", "crossSells": [], "retailSetProducts": []}, {"id": "361364POT", "brand": "HAK", "category": "Aardappelen, groente en fruit", "subtitle": "355 g", "title": "Hak Rode Kool 355g", "image": "https://retrieval.dam-lite.prod.aws.jumbo.com/fit-in/360x360/Products/09082023_1691591780723_1691591787974_8720600619663_1.png", "inAssortment": true, "availability": {"availability": "AVAILABLE", "isAvailable": true, "label": null, "stockLimit": null, "__typename": "ProductAvailability"}, "sponsored": false, "auctionId": null, "link": "/producten/hak-rode-kool-355g-361364POT", "retailSet": false, "prices": {"price": 217, "promoPrice": null, "pricePerUnit": {"price": 611, "unit": "kg", "__typename": "PricePerUnit"}, "__typename": "Price"}, "quantityDetails": {"maxAmount": 99, "minAmount": 1, "stepAmount": 1, "defaultAmount": 1, "__typename": "Quantity"}, "primaryBadge": [], "secondaryBadges": [], "badgeDescription": null, "customerAllergies": {"short": "", "__typename": "CustomerAllergies"}, "promotions": [], "surcharges": [], "__typename": "Product", "crossSells": [], "retailSetProducts": []}, {"id": "462769BAK", "brand": "JUMBO", "category": "Aardappelen, groente en fruit", "subtitle": "300 g", "title": "Jumbo Kastanje Champignons Klasse Apart 300g", "image": "https://retrieval.dam-lite.prod.aws.jumbo.com/fit-in/360x360/Products/18092023_1695049786589_1695049797097_8718452545605_1.png", "inAssortment": true, "availability": {"availability": "AVAILABLE", "isAvailable": true, "label": null, "stockLimit": null, "__typename": "ProductAvailability"}, "sponsored": false, "auctionId": null, "link": "/producten/jumbo-kastanje-champignons-klasse-apart-300g-462769BAK", "retailSet": false, "prices": {"price": 159, "promoPrice": null, "pricePerUnit": {"price": 530, "unit": "kg", "__typename": "PricePerUnit"}, "__typename": "Price"}, "quantityDetails": {"maxAmount": 99, "minAmount": 1, "stepAmount": 1, "defaultAmount": 1, "__typename": "Quantity"}, "primaryBadge": [], "secondaryBadges": [{"alt": "THT logo", "image": "/INTERSHOP/static/WFS/Jumbo-Site/Grocery/Jumbo-Grocery/nl_NL/PIMProductBadge/tht-2+.png", "__typename": "Badge"}, {"alt": "Van dichtbij", "image": "/INTERSHOP/static/WFS/Jumbo-Site/Grocery/Jumbo-Grocery/nl_NL/PIMProductBadge/van-dichtbij.png", "__typename": "Badge"}], "badgeDescription": "2+ dagen houdbaar", "customerAllergies": {"short": "", "__typename": "CustomerAllergies"}, "promotions": [], "surcharges": [], "__typename": "Product", "crossSells": [], "retailSetProducts": []}, {"id": "291736STK", "brand": "WINIARY\u00ae", "category": "Wereldkeukens, kruiden, pasta en rijst", "subtitle": "59 g", "title": "Winiary Aardappelpuree met Croutons en Gebakken Uitjes 59g", "image": "https://retrieval.dam-lite.prod.aws.jumbo.com/fit-in/360x360/Products/29092023_1695995099132_1695995116148_7613036106467_1.png", "inAssortment": true, "availability": {"availability": "TEMPORARILY_UNAVAILABLE", "isAvailable": false, "label": "Niet leverbaar", "stockLimit": null, "__typename": "ProductAvailability"}, "sponsored": false, "auctionId": null, "link": "/producten/winiary-aardappelpuree-met-croutons-en-gebakken-uitjes-59g-291736STK", "retailSet": false, "prices": {"price": 129, "promoPrice": null, "pricePerUnit": {"price": 2186, "unit": "kg", "__typename": "PricePerUnit"}, "__typename": "Price"}, "quantityDetails": {"maxAmount": 99, "minAmount": 1, "stepAmount": 1, "defaultAmount": 1, "__typename": "Quantity"}, "primaryBadge": [], "secondaryBadges": [], "badgeDescription": null, "customerAllergies": {"short": "", "__typename": "CustomerAllergies"}, "promotions": [], "surcharges": [], "__typename": "Product", "crossSells": [], "retailSetProducts": []}, {"id": "577978DS", "brand": "JUMBO", "category": "Aardappelen, groente en fruit", "subtitle": "175 g", "title": "Jumbo Ananas stukjes 175g", "image": "https://retrieval.dam-lite.prod.aws.jumbo.com/fit-in/360x360/Products/09082023_1691594178533_1691594189571_8718452698240_1.png", "inAssortment": true, "availability": {"availability": "AVAILABLE", "isAvailable": true, "label": null, "stockLimit": null, "__typename": "ProductAvailability"}, "sponsored": false, "auctionId": null, "link": "/producten/jumbo-ananas-stukjes-175g-577978DS", "retailSet": false, "prices": {"price": 229, "promoPrice": null, "pricePerUnit": {"price": 1309, "unit": "kg", "__typename": "PricePerUnit"}, "__typename": "Price"}, "quantityDetails": {"maxAmount": 99, "minAmount": 1, "stepAmount": 1, "defaultAmount": 1, "__typename": "Quantity"}, "primaryBadge": [], "secondaryBadges": [], "badgeDescription": null, "customerAllergies": {"short": "", "__typename": "CustomerAllergies"}, "promotions": [{"id": "9396023-C-1", "group": "Seizoen", "isKiesAndMix": true, "image": "/INTERSHOP/static/WFS/Jumbo-Grocery-Site/-/Jumbo-Grocery/nl_NL/Images_Aanbiedingen/2023/Kies%20en%20Mix/KMgesnfruit.png", "tags": [{"text": "3 voor \u20ac 6,00", "inverse": false, "__typename": "PromotionTag"}], "start": {"dayShort": "vr", "date": 3, "monthShort": "nov", "__typename": "PromotionDateTime"}, "end": {"dayShort": "di", "date": 5, "monthShort": "dec", "__typename": "PromotionDateTime"}, "attachments": [{"type": "CustomBadge", "path": "/INTERSHOP/web/WFS/Jumbo-Grocery-Site/nl_NL/-/EUR/ViewPromotionAttachment-OpenFile?LocaleId=nl_NL&DirectoryPath=0003-Kies%26Mix&FileName=Kies_mix_nieuw.png&UnitName=Jumbo-Grocery", "__typename": "PromotionAttachment"}, {"type": "PromotionGroup-Badge", "path": "/INTERSHOP/web/WFS/Jumbo-Grocery-Site/nl_NL/-/EUR/ViewPromotionAttachment-OpenFile?unitName=Jumbo&LocaleId=nl_NL&DirectoryPath=PromotionBadges&FileName=Seizoen.svg", "__typename": "PromotionAttachment"}], "primaryBadge": [{"alt": "CustomBadge", "image": "/INTERSHOP/web/WFS/Jumbo-Grocery-Site/nl_NL/-/EUR/ViewPromotionAttachment-OpenFile?LocaleId=nl_NL&DirectoryPath=0003-Kies%26Mix&FileName=Kies_mix_nieuw.png&UnitName=Jumbo-Grocery", "__typename": "PromotionBadge"}, {"alt": "PromotionGroup-Badge", "image": "/INTERSHOP/web/WFS/Jumbo-Grocery-Site/nl_NL/-/EUR/ViewPromotionAttachment-OpenFile?unitName=Jumbo&LocaleId=nl_NL&DirectoryPath=PromotionBadges&FileName=Seizoen.svg", "__typename": "PromotionBadge"}], "__typename": "Promotion"}], "surcharges": [], "__typename": "Product", "crossSells": [], "retailSetProducts": []}, {"id": "163474PAK", "brand": "JUMBO", "category": "Aardappelen, groente en fruit", "subtitle": "520 g", "title": "Jumbo Zuurkool Naturel 520g", "image": "https://retrieval.dam-lite.prod.aws.jumbo.com/fit-in/360x360/Products/29092023_1695994871645_1695994878612_8711715882134_1.png", "inAssortment": true, "availability": {"availability": "AVAILABLE", "isAvailable": true, "label": null, "stockLimit": null, "__typename": "ProductAvailability"}, "sponsored": false, "auctionId": null, "link": "/producten/jumbo-zuurkool-naturel-520g-163474PAK", "retailSet": false, "prices": {"price": 69, "promoPrice": null, "pricePerUnit": {"price": 138, "unit": "kg", "__typename": "PricePerUnit"}, "__typename": "Price"}, "quantityDetails": {"maxAmount": 99, "minAmount": 1, "stepAmount": 1, "defaultAmount": 1, "__typename": "Quantity"}, "primaryBadge": [], "secondaryBadges": [{"alt": "Van dichtbij", "image": "/INTERSHOP/static/WFS/Jumbo-Site/Grocery/Jumbo-Grocery/nl_NL/PIMProductBadge/van-dichtbij.png", "__typename": "Badge"}], "badgeDescription": null, "customerAllergies": {"short": "", "__typename": "CustomerAllergies"}, "promotions": [], "surcharges": [], "__typename": "Product", "crossSells": [{"sku": "385711KGR", "__typename": "Product"}], "retailSetProducts": []}, {"id": "441724STK", "brand": "Jumbo", "category": "Aardappelen, groente en fruit", "subtitle": null, "title": "Tessa Appels en Mandarijnen", "image": "https://retrieval.dam-lite.prod.aws.jumbo.com/fit-in/360x360/Products/441724STK67c5f4c9-97f2-4a46-bf3e-fb582fff596a-1698129554048.png", "inAssortment": true, "availability": {"availability": "AVAILABLE", "isAvailable": true, "label": null, "stockLimit": null, "__typename": "ProductAvailability"}, "sponsored": false, "auctionId": null, "link": "/producten/tessa-appels-en-mandarijnen-441724STK", "retailSet": true, "prices": {"price": 538, "promoPrice": null, "pricePerUnit": {"price": null, "unit": null, "__typename": "PricePerUnit"}, "__typename": "Price"}, "quantityDetails": {"maxAmount": 99, "minAmount": 1, "stepAmount": 1, "defaultAmount": 1, "__typename": "Quantity"}, "primaryBadge": [], "secondaryBadges": [], "badgeDescription": null, "customerAllergies": {"short": "", "__typename": "CustomerAllergies"}, "promotions": [], "surcharges": [], "__typename": "Product", "crossSells": [], "retailSetProducts": [{"id": "409779ZK", "brand": "Tessa", "category": "Aardappelen, groente en fruit", "subtitle": "1000 g", "title": "Tessa Appels 1KG", "image": "https://retrieval.dam-lite.prod.aws.jumbo.com/fit-in/360x360/Products/20102023_1697801882701_1697801887846_8713893186424_1.png", "inAssortment": true, "availability": {"availability": "AVAILABLE", "isAvailable": true, "label": null, "stockLimit": null, "__typename": "ProductAvailability"}, "sponsored": null, "auctionId": null, "link": "/producten/tessa-appels-1kg-409779ZK", "retailSet": false, "prices": {"price": 249, "promoPrice": 149, "pricePerUnit": {"price": 249, "unit": "kg", "__typename": "PricePerUnit"}, "__typename": "Price"}, "quantityDetails": {"maxAmount": 99, "minAmount": 1, "stepAmount": 1, "defaultAmount": 1, "__typename": "Quantity"}, "primaryBadge": [], "secondaryBadges": [{"alt": "Van dichtbij", "image": "/INTERSHOP/static/WFS/Jumbo-Site/Grocery/Jumbo-Grocery/nl_NL/PIMProductBadge/van-dichtbij.png", "__typename": "Badge"}], "badgeDescription": null, "customerAllergies": {"short": "", "__typename": "CustomerAllergies"}, "promotions": [{"id": "3926002-A-1", "group": "Week", "isKiesAndMix": false, "image": "/INTERSHOP/static/WFS/Jumbo-Grocery-Site/-/Jumbo-Grocery/nl_NL/Images_Aanbiedingen/2023/Weekaanbiedingen/Week%2043/Tessa%20appels.png", "tags": [{"text": "1 voor \u20ac 1,49", "inverse": false, "__typename": "PromotionTag"}], "start": {"dayShort": "wo", "date": 25, "monthShort": "okt", "__typename": "PromotionDateTime"}, "end": {"dayShort": "di", "date": 14, "monthShort": "nov", "__typename": "PromotionDateTime"}, "attachments": [{"type": "PromotionGroup-Badge", "path": "/INTERSHOP/web/WFS/Jumbo-Grocery-Site/nl_NL/-/EUR/ViewPromotionAttachment-OpenFile?unitName=Jumbo&LocaleId=nl_NL&DirectoryPath=PromotionBadges&FileName=Week.svg", "__typename": "PromotionAttachment"}], "primaryBadge": [{"alt": "PromotionGroup-Badge", "image": "/INTERSHOP/web/WFS/Jumbo-Grocery-Site/nl_NL/-/EUR/ViewPromotionAttachment-OpenFile?unitName=Jumbo&LocaleId=nl_NL&DirectoryPath=PromotionBadges&FileName=Week.svg", "__typename": "PromotionBadge"}], "__typename": "Promotion"}], "surcharges": [], "__typename": "Product"}, {"id": "71499NET", "brand": "Jumbo", "category": "Aardappelen, groente en fruit", "subtitle": "1 KG", "title": "Jumbo Mandarijnen 1kg", "image": "https://retrieval.dam-lite.prod.aws.jumbo.com/fit-in/360x360/Products/10082023_1691674955180_1691674959535_8711715881847_1.png", "inAssortment": true, "availability": {"availability": "AVAILABLE", "isAvailable": true, "label": null, "stockLimit": null, "__typename": "ProductAvailability"}, "sponsored": null, "auctionId": null, "link": "/producten/jumbo-mandarijnen-1kg-71499NET", "retailSet": false, "prices": {"price": 289, "promoPrice": null, "pricePerUnit": {"price": 289, "unit": "kg", "__typename": "PricePerUnit"}, "__typename": "Price"}, "quantityDetails": {"maxAmount": 99, "minAmount": 1, "stepAmount": 1, "defaultAmount": 1, "__typename": "Quantity"}, "primaryBadge": [], "secondaryBadges": [], "badgeDescription": null, "customerAllergies": {"short": "", "__typename": "CustomerAllergies"}, "promotions": [], "surcharges": [], "__typename": "Product"}]}, {"id": "225497ZK", "brand": "Smaakt\u00ae", "category": "Aardappelen, groente en fruit", "subtitle": "400 g", "title": "Smaakt Bio Gemengde Splitlinzen 400g", "image": "https://retrieval.dam-lite.prod.aws.jumbo.com/fit-in/360x360/Products/09082023_1691585250766_1691585258464_8719153026417_1.png", "inAssortment": true, "availability": {"availability": "AVAILABLE", "isAvailable": true, "label": null, "stockLimit": null, "__typename": "ProductAvailability"}, "sponsored": false, "auctionId": null, "link": "/producten/smaakt-bio-gemengde-splitlinzen-400g-225497ZK", "retailSet": false, "prices": {"price": 205, "promoPrice": null, "pricePerUnit": {"price": 513, "unit": "kg", "__typename": "PricePerUnit"}, "__typename": "Price"}, "quantityDetails": {"maxAmount": 99, "minAmount": 1, "stepAmount": 1, "defaultAmount": 1, "__typename": "Quantity"}, "primaryBadge": [], "secondaryBadges": [], "badgeDescription": null, "customerAllergies": {"short": "", "__typename": "CustomerAllergies"}, "promotions": [], "surcharges": [], "__typename": "Product", "crossSells": [], "retailSetProducts": []}, {"id": "191134STK", "brand": "Jumbo", "category": "Aardappelen, groente en fruit", "subtitle": null, "title": "Jumbo Zoete Puntpaprika Biologisch 2 Stuks", "image": "https://retrieval.dam-lite.prod.aws.jumbo.com/fit-in/360x360/Products/18092023_1695028453137_1695028457859_8718452107711_1.png", "inAssortment": true, "availability": {"availability": "AVAILABLE", "isAvailable": true, "label": null, "stockLimit": null, "__typename": "ProductAvailability"}, "sponsored": false, "auctionId": null, "link": "/producten/jumbo-zoete-puntpaprika-biologisch-2-stuks-191134STK", "retailSet": false, "prices": {"price": 229, "promoPrice": null, "pricePerUnit": {"price": 115, "unit": "pieces", "__typename": "PricePerUnit"}, "__typename": "Price"}, "quantityDetails": {"maxAmount": 99, "minAmount": 1, "stepAmount": 1, "defaultAmount": 1, "__typename": "Quantity"}, "primaryBadge": [], "secondaryBadges": [], "badgeDescription": null, "customerAllergies": {"short": "", "__typename": "CustomerAllergies"}, "promotions": [], "surcharges": [], "__typename": "Product", "crossSells": [{"sku": "394106POT", "__typename": "Product"}], "retailSetProducts": []}, {"id": "567956STK", "brand": "Jumbo", "category": "Aardappelen, groente en fruit", "subtitle": null, "title": "Jumbo Verse Sappen", "image": "https://retrieval.dam-lite.prod.aws.jumbo.com/fit-in/360x360/Products/567956_20222475_1_T1_567956STK1691078132137.png", "inAssortment": true, "availability": {"availability": "AVAILABLE", "isAvailable": true, "label": null, "stockLimit": null, "__typename": "ProductAvailability"}, "sponsored": false, "auctionId": null, "link": "/producten/jumbo-verse-sappen-567956STK", "retailSet": true, "prices": {"price": 687, "promoPrice": null, "pricePerUnit": {"price": null, "unit": null, "__typename": "PricePerUnit"}, "__typename": "Price"}, "quantityDetails": {"maxAmount": 99, "minAmount": 1, "stepAmount": 1, "defaultAmount": 1, "__typename": "Quantity"}, "primaryBadge": [], "secondaryBadges": [], "badgeDescription": null, "customerAllergies": {"short": "", "__typename": "CustomerAllergies"}, "promotions": [], "surcharges": [], "__typename": "Product", "crossSells": [], "retailSetProducts": [{"id": "531747FLS", "brand": "JUMBO", "category": "Frisdrank en sappen", "subtitle": "500 ml", "title": "Jumbo Vers Sap Appel, Peer & Rood Fruit 500ML", "image": "https://retrieval.dam-lite.prod.aws.jumbo.com/fit-in/360x360/Products/531747_8718452668953_1_T1_466677FLS1691078585612.png", "inAssortment": true, "availability": {"availability": "AVAILABLE", "isAvailable": true, "label": null, "stockLimit": null, "__typename": "ProductAvailability"}, "sponsored": null, "auctionId": null, "link": "/producten/jumbo-vers-sap-appel-peer-rood-fruit-500ml-531747FLS", "retailSet": false, "prices": {"price": 229, "promoPrice": null, "pricePerUnit": {"price": 458, "unit": "l", "__typename": "PricePerUnit"}, "__typename": "Price"}, "quantityDetails": {"maxAmount": 99, "minAmount": 1, "stepAmount": 1, "defaultAmount": 1, "__typename": "Quantity"}, "primaryBadge": [], "secondaryBadges": [{"alt": "THT logo", "image": "/INTERSHOP/static/WFS/Jumbo-Site/Grocery/Jumbo-Grocery/nl_NL/PIMProductBadge/tht-10+.png", "__typename": "Badge"}], "badgeDescription": "10+ dagen houdbaar", "customerAllergies": {"short": "", "__typename": "CustomerAllergies"}, "promotions": [], "surcharges": [], "__typename": "Product"}, {"id": "531826FLS", "brand": "Jumbo", "category": "Aardappelen, groente en fruit", "subtitle": "500 ml", "title": "Jumbo Vers Sap Mango, Appel & Sinaasappel 500ML", "image": "https://retrieval.dam-lite.prod.aws.jumbo.com/fit-in/360x360/Products/531826_8718452668731_1_T1_211825FLS1691076388122.png", "inAssortment": true, "availability": {"availability": "AVAILABLE", "isAvailable": true, "label": null, "stockLimit": null, "__typename": "ProductAvailability"}, "sponsored": null, "auctionId": null, "link": "/producten/jumbo-vers-sap-mango-appel-sinaasappel-500ml-531826FLS", "retailSet": false, "prices": {"price": 229, "promoPrice": null, "pricePerUnit": {"price": 458, "unit": "l", "__typename": "PricePerUnit"}, "__typename": "Price"}, "quantityDetails": {"maxAmount": 99, "minAmount": 1, "stepAmount": 1, "defaultAmount": 1, "__typename": "Quantity"}, "primaryBadge": [], "secondaryBadges": [{"alt": "THT logo", "image": "/INTERSHOP/static/WFS/Jumbo-Site/Grocery/Jumbo-Grocery/nl_NL/PIMProductBadge/tht-10+.png", "__typename": "Badge"}], "badgeDescription": "10+ dagen houdbaar", "customerAllergies": {"short": "", "__typename": "CustomerAllergies"}, "promotions": [], "surcharges": [], "__typename": "Product"}, {"id": "531795FLS", "brand": "JUMBO", "category": "Aardappelen, groente en fruit", "subtitle": "500 ml", "title": "Jumbo Vers Sap Sinaasappel 500ML", "image": "https://retrieval.dam-lite.prod.aws.jumbo.com/fit-in/360x360/Products/28082023_1693215185841_1693215191094_8718452668694_1.png", "inAssortment": true, "availability": {"availability": "AVAILABLE", "isAvailable": true, "label": null, "stockLimit": null, "__typename": "ProductAvailability"}, "sponsored": null, "auctionId": null, "link": "/producten/jumbo-vers-sap-sinaasappel-500ml-531795FLS", "retailSet": false, "prices": {"price": 229, "promoPrice": null, "pricePerUnit": {"price": 458, "unit": "l", "__typename": "PricePerUnit"}, "__typename": "Price"}, "quantityDetails": {"maxAmount": 99, "minAmount": 1, "stepAmount": 1, "defaultAmount": 1, "__typename": "Quantity"}, "primaryBadge": [], "secondaryBadges": [{"alt": "THT logo", "image": "/INTERSHOP/static/WFS/Jumbo-Site/Grocery/Jumbo-Grocery/nl_NL/PIMProductBadge/tht-10+.png", "__typename": "Badge"}], "badgeDescription": "10+ dagen houdbaar", "customerAllergies": {"short": "", "__typename": "CustomerAllergies"}, "promotions": [], "surcharges": [], "__typename": "Product"}]}, {"id": "97356POT", "brand": "HAK", "category": "Aardappelen, groente en fruit", "subtitle": "680 g", "title": "HAK Boerenkool 680g", "image": "https://retrieval.dam-lite.prod.aws.jumbo.com/fit-in/360x360/Products/09082023_1691591745318_1691591757014_8720600609824_1.png", "inAssortment": true, "availability": {"availability": "AVAILABLE", "isAvailable": true, "label": null, "stockLimit": null, "__typename": "ProductAvailability"}, "sponsored": false, "auctionId": null, "link": "/producten/hak-boerenkool-680g-97356POT", "retailSet": false, "prices": {"price": 316, "promoPrice": null, "pricePerUnit": {"price": 672, "unit": "kg", "__typename": "PricePerUnit"}, "__typename": "Price"}, "quantityDetails": {"maxAmount": 99, "minAmount": 1, "stepAmount": 1, "defaultAmount": 1, "__typename": "Quantity"}, "primaryBadge": [], "secondaryBadges": [], "badgeDescription": null, "customerAllergies": {"short": "", "__typename": "CustomerAllergies"}, "promotions": [{"id": "3797002-C-1", "group": "Seizoen", "isKiesAndMix": false, "image": "/INTERSHOP/static/WFS/Jumbo-Grocery-Site/-/Jumbo-Grocery/nl_NL/Images_Aanbiedingen/2023/Seizoensaanbiedingen/SA12/HAK_280px.png", "tags": [{"text": "2 voor \u20ac 3,50", "inverse": false, "__typename": "PromotionTag"}], "start": {"dayShort": "wo", "date": 8, "monthShort": "nov", "__typename": "PromotionDateTime"}, "end": {"dayShort": "di", "date": 5, "monthShort": "dec", "__typename": "PromotionDateTime"}, "attachments": [{"type": "PromotionGroup-Badge", "path": "/INTERSHOP/web/WFS/Jumbo-Grocery-Site/nl_NL/-/EUR/ViewPromotionAttachment-OpenFile?unitName=Jumbo&LocaleId=nl_NL&DirectoryPath=PromotionBadges&FileName=Seizoen.svg", "__typename": "PromotionAttachment"}], "primaryBadge": [{"alt": "PromotionGroup-Badge", "image": "/INTERSHOP/web/WFS/Jumbo-Grocery-Site/nl_NL/-/EUR/ViewPromotionAttachment-OpenFile?unitName=Jumbo&LocaleId=nl_NL&DirectoryPath=PromotionBadges&FileName=Seizoen.svg", "__typename": "PromotionBadge"}], "__typename": "Promotion"}], "surcharges": [], "__typename": "Product", "crossSells": [], "retailSetProducts": []}, {"id": "577403DS", "brand": "Eurosalad", "category": "Aardappelen, groente en fruit", "subtitle": "200 gram", "title": "Eurosalad Ei van Columbus Salade 200g", "image": "https://retrieval.dam-lite.prod.aws.jumbo.com/fit-in/360x360/Products/09082023_1691586885281_1691586908086_8718481863084_1.png", "inAssortment": true, "availability": {"availability": "TEMPORARILY_UNAVAILABLE", "isAvailable": false, "label": "Niet leverbaar", "stockLimit": null, "__typename": "ProductAvailability"}, "sponsored": false, "auctionId": null, "link": "/producten/eurosalad-ei-van-columbus-salade-200g-577403DS", "retailSet": false, "prices": {"price": 279, "promoPrice": null, "pricePerUnit": {"price": 1395, "unit": "kg", "__typename": "PricePerUnit"}, "__typename": "Price"}, "quantityDetails": {"maxAmount": 99, "minAmount": 1, "stepAmount": 1, "defaultAmount": 1, "__typename": "Quantity"}, "primaryBadge": [], "secondaryBadges": [{"alt": "THT logo", "image": "/INTERSHOP/static/WFS/Jumbo-Site/Grocery/Jumbo-Grocery/nl_NL/PIMProductBadge/tht-1+.png", "__typename": "Badge"}], "badgeDescription": "1+ dagen houdbaar", "customerAllergies": {"short": "", "__typename": "CustomerAllergies"}, "promotions": [], "surcharges": [], "__typename": "Product", "crossSells": [], "retailSetProducts": []}, {"id": "581691DS", "brand": "JUMBO", "category": "Aardappelen, groente en fruit", "subtitle": "200 g", "title": "Jumbo Aubergine Vegan Shoarma 200g", "image": "https://retrieval.dam-lite.prod.aws.jumbo.com/fit-in/360x360/Products/10082023_1691677664445_1691677667089_8718452677559_1.png", "inAssortment": true, "availability": {"availability": "AVAILABLE", "isAvailable": true, "label": null, "stockLimit": null, "__typename": "ProductAvailability"}, "sponsored": false, "auctionId": null, "link": "/producten/jumbo-aubergine-vegan-shoarma-200g-581691DS", "retailSet": false, "prices": {"price": 349, "promoPrice": null, "pricePerUnit": {"price": 2, "unit": "pieces", "__typename": "PricePerUnit"}, "__typename": "Price"}, "quantityDetails": {"maxAmount": 99, "minAmount": 1, "stepAmount": 1, "defaultAmount": 1, "__typename": "Quantity"}, "primaryBadge": [], "secondaryBadges": [{"alt": "THT logo", "image": "/INTERSHOP/static/WFS/Jumbo-Site/Grocery/Jumbo-Grocery/nl_NL/PIMProductBadge/tht-8+.png", "__typename": "Badge"}], "badgeDescription": "8+ dagen houdbaar", "customerAllergies": {"short": "", "__typename": "CustomerAllergies"}, "promotions": [], "surcharges": [], "__typename": "Product", "crossSells": [], "retailSetProducts": []}, {"id": "213015NET", "brand": "Jumbo", "category": "Aardappelen, groente en fruit", "subtitle": "1000 GRAM", "title": "Jumbo Rode Uien 1kg", "image": "https://retrieval.dam-lite.prod.aws.jumbo.com/fit-in/360x360/Products/29092023_1695995015371_1695995026429_8718452357864_1.png", "inAssortment": true, "availability": {"availability": "AVAILABLE", "isAvailable": true, "label": null, "stockLimit": null, "__typename": "ProductAvailability"}, "sponsored": false, "auctionId": null, "link": "/producten/jumbo-rode-uien-1kg-213015NET", "retailSet": false, "prices": {"price": 165, "promoPrice": null, "pricePerUnit": {"price": 165, "unit": "kg", "__typename": "PricePerUnit"}, "__typename": "Price"}, "quantityDetails": {"maxAmount": 99, "minAmount": 1, "stepAmount": 1, "defaultAmount": 1, "__typename": "Quantity"}, "primaryBadge": [], "secondaryBadges": [{"alt": "Van dichtbij", "image": "/INTERSHOP/static/WFS/Jumbo-Site/Grocery/Jumbo-Grocery/nl_NL/PIMProductBadge/van-dichtbij.png", "__typename": "Badge"}], "badgeDescription": null, "customerAllergies": {"short": "", "__typename": "CustomerAllergies"}, "promotions": [], "surcharges": [], "__typename": "Product", "crossSells": [], "retailSetProducts": []}, {"id": "567982STK", "brand": "Jumbo", "category": "Aardappelen, groente en fruit", "subtitle": null, "title": "Jumbo Verse Groente Sappen", "image": "https://retrieval.dam-lite.prod.aws.jumbo.com/fit-in/360x360/Products/567982_20222499_1_T1_567982STK1691078510233.png", "inAssortment": true, "availability": {"availability": "AVAILABLE", "isAvailable": true, "label": null, "stockLimit": null, "__typename": "ProductAvailability"}, "sponsored": false, "auctionId": null, "link": "/producten/jumbo-verse-groente-sappen-567982STK", "retailSet": true, "prices": {"price": 587, "promoPrice": null, "pricePerUnit": {"price": null, "unit": null, "__typename": "PricePerUnit"}, "__typename": "Price"}, "quantityDetails": {"maxAmount": 99, "minAmount": 1, "stepAmount": 1, "defaultAmount": 1, "__typename": "Quantity"}, "primaryBadge": [], "secondaryBadges": [], "badgeDescription": null, "customerAllergies": {"short": "", "__typename": "CustomerAllergies"}, "promotions": [], "surcharges": [], "__typename": "Product", "crossSells": [], "retailSetProducts": [{"id": "529642FLS", "brand": "Jumbo", "category": "Aardappelen, groente en fruit", "subtitle": "250 ml", "title": "Jumbo Vers Groentesap Avocado, Spinazie, Boerenkool, Broccoli, Komkommer & Appel 250ML", "image": "https://retrieval.dam-lite.prod.aws.jumbo.com/fit-in/360x360/Products/529642_8718452668588_1_T1_189200FLS1691077647082.png", "inAssortment": true, "availability": {"availability": "AVAILABLE", "isAvailable": true, "label": null, "stockLimit": null, "__typename": "ProductAvailability"}, "sponsored": null, "auctionId": null, "link": "/producten/jumbo-vers-groentesap-avocado-spinazie-boerenkool-broccoli-komkommer-appel-250ml-529642FLS", "retailSet": false, "prices": {"price": 199, "promoPrice": null, "pricePerUnit": {"price": 796, "unit": "l", "__typename": "PricePerUnit"}, "__typename": "Price"}, "quantityDetails": {"maxAmount": 99, "minAmount": 1, "stepAmount": 1, "defaultAmount": 1, "__typename": "Quantity"}, "primaryBadge": [], "secondaryBadges": [{"alt": "THT logo", "image": "/INTERSHOP/static/WFS/Jumbo-Site/Grocery/Jumbo-Grocery/nl_NL/PIMProductBadge/tht-10+.png", "__typename": "Badge"}], "badgeDescription": "10+ dagen houdbaar", "customerAllergies": {"short": "", "__typename": "CustomerAllergies"}, "promotions": [], "surcharges": [], "__typename": "Product"}, {"id": "530999FLS", "brand": "JUMBO", "category": "Aardappelen, groente en fruit", "subtitle": "250 ml", "title": "Jumbo Vers Groentesap Wortel, Appel & Gember 250ML", "image": "https://retrieval.dam-lite.prod.aws.jumbo.com/fit-in/360x360/Products/530999_8718452668915_1_T1_443527FLS1691076593486.png", "inAssortment": true, "availability": {"availability": "AVAILABLE", "isAvailable": true, "label": null, "stockLimit": null, "__typename": "ProductAvailability"}, "sponsored": null, "auctionId": null, "link": "/producten/jumbo-vers-groentesap-wortel-appel-gember-250ml-530999FLS", "retailSet": false, "prices": {"price": 189, "promoPrice": null, "pricePerUnit": {"price": 756, "unit": "l", "__typename": "PricePerUnit"}, "__typename": "Price"}, "quantityDetails": {"maxAmount": 99, "minAmount": 1, "stepAmount": 1, "defaultAmount": 1, "__typename": "Quantity"}, "primaryBadge": [], "secondaryBadges": [{"alt": "THT logo", "image": "/INTERSHOP/static/WFS/Jumbo-Site/Grocery/Jumbo-Grocery/nl_NL/PIMProductBadge/tht-10+.png", "__typename": "Badge"}], "badgeDescription": "10+ dagen houdbaar", "customerAllergies": {"short": "", "__typename": "CustomerAllergies"}, "promotions": [], "surcharges": [], "__typename": "Product"}, {"id": "531828FLS", "brand": "Jumbo", "category": "Frisdrank en sappen", "subtitle": "250 ml", "title": "Jumbo Vers Sap Chia, Spinazie, Kiwi, Mango & Appel 250ML", "image": "https://retrieval.dam-lite.prod.aws.jumbo.com/fit-in/360x360/Products/531828_8718452668755_1_T1_213217FLS1691076939417.png", "inAssortment": true, "availability": {"availability": "AVAILABLE", "isAvailable": true, "label": null, "stockLimit": null, "__typename": "ProductAvailability"}, "sponsored": null, "auctionId": null, "link": "/producten/jumbo-vers-sap-chia-spinazie-kiwi-mango-appel-250ml-531828FLS", "retailSet": false, "prices": {"price": 199, "promoPrice": null, "pricePerUnit": {"price": 796, "unit": "l", "__typename": "PricePerUnit"}, "__typename": "Price"}, "quantityDetails": {"maxAmount": 99, "minAmount": 1, "stepAmount": 1, "defaultAmount": 1, "__typename": "Quantity"}, "primaryBadge": [], "secondaryBadges": [{"alt": "THT logo", "image": "/INTERSHOP/static/WFS/Jumbo-Site/Grocery/Jumbo-Grocery/nl_NL/PIMProductBadge/tht-10+.png", "__typename": "Badge"}], "badgeDescription": "10+ dagen houdbaar", "customerAllergies": {"short": "", "__typename": "CustomerAllergies"}, "promotions": [], "surcharges": [], "__typename": "Product"}]}, {"id": "306023STK", "brand": "Pink Lady\u00ae", "category": "Aardappelen, groente en fruit", "subtitle": null, "title": "Pink Lady Cripps Pink Appels 4 Stuks", "image": "https://retrieval.dam-lite.prod.aws.jumbo.com/fit-in/360x360/Products/29092023_1695995173447_1695995187456_8710147612760_1.png", "inAssortment": true, "availability": {"availability": "AVAILABLE", "isAvailable": true, "label": null, "stockLimit": null, "__typename": "ProductAvailability"}, "sponsored": false, "auctionId": null, "link": "/producten/pink-lady-cripps-pink-appels-4-stuks-306023STK", "retailSet": false, "prices": {"price": 329, "promoPrice": null, "pricePerUnit": {"price": 82, "unit": "pieces", "__typename": "PricePerUnit"}, "__typename": "Price"}, "quantityDetails": {"maxAmount": 99, "minAmount": 1, "stepAmount": 1, "defaultAmount": 1, "__typename": "Quantity"}, "primaryBadge": [], "secondaryBadges": [], "badgeDescription": null, "customerAllergies": {"short": "", "__typename": "CustomerAllergies"}, "promotions": [], "surcharges": [], "__typename": "Product", "crossSells": [], "retailSetProducts": []}, {"id": "276486ZK", "brand": "JUMBO", "category": "Aardappelen, groente en fruit", "subtitle": "600 g", "title": "Jumbo Gyros Mini Krieltjes 600g", "image": "https://retrieval.dam-lite.prod.aws.jumbo.com/fit-in/360x360/Products/18092023_1695060773854_1695060781764_8718452403363_1.png", "inAssortment": true, "availability": {"availability": "AVAILABLE", "isAvailable": true, "label": null, "stockLimit": null, "__typename": "ProductAvailability"}, "sponsored": false, "auctionId": null, "link": "/producten/jumbo-gyros-mini-krieltjes-600g-276486ZK", "retailSet": false, "prices": {"price": 129, "promoPrice": null, "pricePerUnit": {"price": 215, "unit": "kg", "__typename": "PricePerUnit"}, "__typename": "Price"}, "quantityDetails": {"maxAmount": 99, "minAmount": 1, "stepAmount": 1, "defaultAmount": 1, "__typename": "Quantity"}, "primaryBadge": [], "secondaryBadges": [{"alt": "THT logo", "image": "/INTERSHOP/static/WFS/Jumbo-Site/Grocery/Jumbo-Grocery/nl_NL/PIMProductBadge/tht-2+.png", "__typename": "Badge"}], "badgeDescription": "2+ dagen houdbaar", "customerAllergies": {"short": "", "__typename": "CustomerAllergies"}, "promotions": [], "surcharges": [], "__typename": "Product", "crossSells": [], "retailSetProducts": []}, {"id": "492332PAK", "brand": "JUMBO", "category": "Aardappelen, groente en fruit", "subtitle": "700 g", "title": "Jumbo Aardappelgratin Voordeelverpakking 700g", "image": "https://retrieval.dam-lite.prod.aws.jumbo.com/fit-in/360x360/Products/10082023_1691678360999_1691678374345_8718452652112_1.png", "inAssortment": true, "availability": {"availability": "AVAILABLE", "isAvailable": true, "label": null, "stockLimit": null, "__typename": "ProductAvailability"}, "sponsored": false, "auctionId": null, "link": "/producten/jumbo-aardappelgratin-voordeelverpakking-700g-492332PAK", "retailSet": false, "prices": {"price": 249, "promoPrice": null, "pricePerUnit": {"price": 356, "unit": "kg", "__typename": "PricePerUnit"}, "__typename": "Price"}, "quantityDetails": {"maxAmount": 99, "minAmount": 1, "stepAmount": 1, "defaultAmount": 1, "__typename": "Quantity"}, "primaryBadge": [], "secondaryBadges": [{"alt": "THT logo", "image": "/INTERSHOP/static/WFS/Jumbo-Site/Grocery/Jumbo-Grocery/nl_NL/PIMProductBadge/tht-10+.png", "__typename": "Badge"}], "badgeDescription": "10+ dagen houdbaar", "customerAllergies": {"short": "", "__typename": "CustomerAllergies"}, "promotions": [], "surcharges": [], "__typename": "Product", "crossSells": [], "retailSetProducts": []}, {"id": "567984STK", "brand": "Jumbo", "category": "Aardappelen, groente en fruit", "subtitle": null, "title": "Jumbo Verse Smoothies", "image": "https://retrieval.dam-lite.prod.aws.jumbo.com/fit-in/360x360/Products/567984_20222505_1_T1_567984STK1691076559949.png", "inAssortment": true, "availability": {"availability": "TEMPORARILY_UNAVAILABLE", "isAvailable": false, "label": "Niet leverbaar", "stockLimit": null, "__typename": "ProductAvailability"}, "sponsored": false, "auctionId": null, "link": "/producten/jumbo-verse-smoothies-567984STK", "retailSet": true, "prices": {"price": 597, "promoPrice": null, "pricePerUnit": {"price": null, "unit": null, "__typename": "PricePerUnit"}, "__typename": "Price"}, "quantityDetails": {"maxAmount": 99, "minAmount": 1, "stepAmount": 1, "defaultAmount": 1, "__typename": "Quantity"}, "primaryBadge": [], "secondaryBadges": [], "badgeDescription": null, "customerAllergies": {"short": "", "__typename": "CustomerAllergies"}, "promotions": [], "surcharges": [], "__typename": "Product", "crossSells": [], "retailSetProducts": [{"id": "529643FLS", "brand": "Jumbo", "category": "Aardappelen, groente en fruit", "subtitle": "250 ml", "title": "Jumbo Verse Smoothie Aardbei, Appel & Banaan 250ML", "image": "https://retrieval.dam-lite.prod.aws.jumbo.com/fit-in/360x360/Products/529643_8718452668595_1_T1_189207FLS1691076949939.png", "inAssortment": true, "availability": {"availability": "AVAILABLE", "isAvailable": true, "label": null, "stockLimit": null, "__typename": "ProductAvailability"}, "sponsored": null, "auctionId": null, "link": "/producten/jumbo-verse-smoothie-aardbei-appel-banaan-250ml-529643FLS", "retailSet": false, "prices": {"price": 199, "promoPrice": null, "pricePerUnit": {"price": 796, "unit": "l", "__typename": "PricePerUnit"}, "__typename": "Price"}, "quantityDetails": {"maxAmount": 99, "minAmount": 1, "stepAmount": 1, "defaultAmount": 1, "__typename": "Quantity"}, "primaryBadge": [], "secondaryBadges": [{"alt": "THT logo", "image": "/INTERSHOP/static/WFS/Jumbo-Site/Grocery/Jumbo-Grocery/nl_NL/PIMProductBadge/tht-10+.png", "__typename": "Badge"}], "badgeDescription": "10+ dagen houdbaar", "customerAllergies": {"short": "", "__typename": "CustomerAllergies"}, "promotions": [], "surcharges": [], "__typename": "Product"}, {"id": "529614FLS", "brand": "Jumbo", "category": "Aardappelen, groente en fruit", "subtitle": "250 ml", "title": "Jumbo Verse Smoothie Ananas, Kokos & Banaan 250ML", "image": "https://retrieval.dam-lite.prod.aws.jumbo.com/fit-in/360x360/Products/529614_8718452668571_1_T1_189163FLS1691079052819.png", "inAssortment": true, "availability": {"availability": "AVAILABLE", "isAvailable": true, "label": null, "stockLimit": null, "__typename": "ProductAvailability"}, "sponsored": null, "auctionId": null, "link": "/producten/jumbo-verse-smoothie-ananas-kokos-banaan-250ml-529614FLS", "retailSet": false, "prices": {"price": 199, "promoPrice": null, "pricePerUnit": {"price": 796, "unit": "l", "__typename": "PricePerUnit"}, "__typename": "Price"}, "quantityDetails": {"maxAmount": 99, "minAmount": 1, "stepAmount": 1, "defaultAmount": 1, "__typename": "Quantity"}, "primaryBadge": [], "secondaryBadges": [{"alt": "THT logo", "image": "/INTERSHOP/static/WFS/Jumbo-Site/Grocery/Jumbo-Grocery/nl_NL/PIMProductBadge/tht-10+.png", "__typename": "Badge"}], "badgeDescription": "10+ dagen houdbaar", "customerAllergies": {"short": "", "__typename": "CustomerAllergies"}, "promotions": [], "surcharges": [], "__typename": "Product"}, {"id": "531838FLS", "brand": "Jumbo", "category": "Aardappelen, groente en fruit", "subtitle": "250 ml", "title": "Jumbo Verse Smoothie Yoghurt, Bosvruchten, Banaan & Appel 250ML", "image": "https://retrieval.dam-lite.prod.aws.jumbo.com/fit-in/360x360/Products/531838_8718452668854_1_T1_336329FLS1691076487354.png", "inAssortment": true, "availability": {"availability": "TEMPORARILY_UNAVAILABLE", "isAvailable": false, "label": "Niet leverbaar", "stockLimit": null, "__typename": "ProductAvailability"}, "sponsored": null, "auctionId": null, "link": "/producten/jumbo-verse-smoothie-yoghurt-bosvruchten-banaan-appel-250ml-531838FLS", "retailSet": false, "prices": {"price": 199, "promoPrice": null, "pricePerUnit": {"price": 796, "unit": "l", "__typename": "PricePerUnit"}, "__typename": "Price"}, "quantityDetails": {"maxAmount": 99, "minAmount": 1, "stepAmount": 1, "defaultAmount": 1, "__typename": "Quantity"}, "primaryBadge": [], "secondaryBadges": [{"alt": "THT logo", "image": "/INTERSHOP/static/WFS/Jumbo-Site/Grocery/Jumbo-Grocery/nl_NL/PIMProductBadge/tht-10+.png", "__typename": "Badge"}], "badgeDescription": "10+ dagen houdbaar", "customerAllergies": {"short": "", "__typename": "CustomerAllergies"}, "promotions": [], "surcharges": [], "__typename": "Product"}]}, {"id": "441727STK", "brand": "Jumbo", "category": "Aardappelen, groente en fruit", "subtitle": null, "title": "Tessa Appels en Witte Druiven Pitloos", "image": "https://retrieval.dam-lite.prod.aws.jumbo.com/fit-in/360x360/Products/441727STK0eccd87f-2e9b-422c-8407-4153aeaaf085-1698129630759.png", "inAssortment": true, "availability": {"availability": "AVAILABLE", "isAvailable": true, "label": null, "stockLimit": null, "__typename": "ProductAvailability"}, "sponsored": false, "auctionId": null, "link": "/producten/tessa-appels-en-witte-druiven-pitloos-441727STK", "retailSet": true, "prices": {"price": 498, "promoPrice": null, "pricePerUnit": {"price": null, "unit": null, "__typename": "PricePerUnit"}, "__typename": "Price"}, "quantityDetails": {"maxAmount": 99, "minAmount": 1, "stepAmount": 1, "defaultAmount": 1, "__typename": "Quantity"}, "primaryBadge": [], "secondaryBadges": [], "badgeDescription": null, "customerAllergies": {"short": "", "__typename": "CustomerAllergies"}, "promotions": [], "surcharges": [], "__typename": "Product", "crossSells": [], "retailSetProducts": [{"id": "409779ZK", "brand": "Tessa", "category": "Aardappelen, groente en fruit", "subtitle": "1000 g", "title": "Tessa Appels 1KG", "image": "https://retrieval.dam-lite.prod.aws.jumbo.com/fit-in/360x360/Products/20102023_1697801882701_1697801887846_8713893186424_1.png", "inAssortment": true, "availability": {"availability": "AVAILABLE", "isAvailable": true, "label": null, "stockLimit": null, "__typename": "ProductAvailability"}, "sponsored": null, "auctionId": null, "link": "/producten/tessa-appels-1kg-409779ZK", "retailSet": false, "prices": {"price": 249, "promoPrice": 149, "pricePerUnit": {"price": 249, "unit": "kg", "__typename": "PricePerUnit"}, "__typename": "Price"}, "quantityDetails": {"maxAmount": 99, "minAmount": 1, "stepAmount": 1, "defaultAmount": 1, "__typename": "Quantity"}, "primaryBadge": [], "secondaryBadges": [{"alt": "Van dichtbij", "image": "/INTERSHOP/static/WFS/Jumbo-Site/Grocery/Jumbo-Grocery/nl_NL/PIMProductBadge/van-dichtbij.png", "__typename": "Badge"}], "badgeDescription": null, "customerAllergies": {"short": "", "__typename": "CustomerAllergies"}, "promotions": [{"id": "3926002-A-1", "group": "Week", "isKiesAndMix": false, "image": "/INTERSHOP/static/WFS/Jumbo-Grocery-Site/-/Jumbo-Grocery/nl_NL/Images_Aanbiedingen/2023/Weekaanbiedingen/Week%2043/Tessa%20appels.png", "tags": [{"text": "1 voor \u20ac 1,49", "inverse": false, "__typename": "PromotionTag"}], "start": {"dayShort": "wo", "date": 25, "monthShort": "okt", "__typename": "PromotionDateTime"}, "end": {"dayShort": "di", "date": 14, "monthShort": "nov", "__typename": "PromotionDateTime"}, "attachments": [{"type": "PromotionGroup-Badge", "path": "/INTERSHOP/web/WFS/Jumbo-Grocery-Site/nl_NL/-/EUR/ViewPromotionAttachment-OpenFile?unitName=Jumbo&LocaleId=nl_NL&DirectoryPath=PromotionBadges&FileName=Week.svg", "__typename": "PromotionAttachment"}], "primaryBadge": [{"alt": "PromotionGroup-Badge", "image": "/INTERSHOP/web/WFS/Jumbo-Grocery-Site/nl_NL/-/EUR/ViewPromotionAttachment-OpenFile?unitName=Jumbo&LocaleId=nl_NL&DirectoryPath=PromotionBadges&FileName=Week.svg", "__typename": "PromotionBadge"}], "__typename": "Promotion"}], "surcharges": [], "__typename": "Product"}, {"id": "306009BAK", "brand": "Jumbo", "category": "Aardappelen, groente en fruit", "subtitle": "500 G", "title": "Jumbo Druiven Wit Pitloos 500g", "image": "https://retrieval.dam-lite.prod.aws.jumbo.com/fit-in/360x360/Products/18092023_1695058491114_1695058498827_8711715881939_1.png", "inAssortment": true, "availability": {"availability": "AVAILABLE", "isAvailable": true, "label": null, "stockLimit": null, "__typename": "ProductAvailability"}, "sponsored": null, "auctionId": null, "link": "/producten/jumbo-druiven-wit-pitloos-500g-306009BAK", "retailSet": false, "prices": {"price": 269, "promoPrice": null, "pricePerUnit": {"price": 538, "unit": "kg", "__typename": "PricePerUnit"}, "__typename": "Price"}, "quantityDetails": {"maxAmount": 99, "minAmount": 1, "stepAmount": 1, "defaultAmount": 1, "__typename": "Quantity"}, "primaryBadge": [], "secondaryBadges": [], "badgeDescription": null, "customerAllergies": {"short": "", "__typename": "CustomerAllergies"}, "promotions": [{"id": "3798024-C-1", "group": "Seizoen", "isKiesAndMix": true, "image": "/INTERSHOP/static/WFS/Jumbo-Grocery-Site/-/Jumbo-Grocery/nl_NL/Images_Aanbiedingen/2023/Seizoensaanbiedingen/SA12/Kies%20en%20Mix%20Fruit_280px.png", "tags": [{"text": "2 voor \u20ac 4,00", "inverse": false, "__typename": "PromotionTag"}], "start": {"dayShort": "wo", "date": 8, "monthShort": "nov", "__typename": "PromotionDateTime"}, "end": {"dayShort": "di", "date": 5, "monthShort": "dec", "__typename": "PromotionDateTime"}, "attachments": [{"type": "CustomBadge", "path": "/INTERSHOP/web/WFS/Jumbo-Grocery-Site/nl_NL/-/EUR/ViewPromotionAttachment-OpenFile?LocaleId=nl_NL&DirectoryPath=0003-Kies%26Mix&FileName=Kies_mix_nieuw.png&UnitName=Jumbo-Grocery", "__typename": "PromotionAttachment"}, {"type": "PromotionGroup-Badge", "path": "/INTERSHOP/web/WFS/Jumbo-Grocery-Site/nl_NL/-/EUR/ViewPromotionAttachment-OpenFile?unitName=Jumbo&LocaleId=nl_NL&DirectoryPath=PromotionBadges&FileName=Seizoen.svg", "__typename": "PromotionAttachment"}], "primaryBadge": [{"alt": "CustomBadge", "image": "/INTERSHOP/web/WFS/Jumbo-Grocery-Site/nl_NL/-/EUR/ViewPromotionAttachment-OpenFile?LocaleId=nl_NL&DirectoryPath=0003-Kies%26Mix&FileName=Kies_mix_nieuw.png&UnitName=Jumbo-Grocery", "__typename": "PromotionBadge"}, {"alt": "PromotionGroup-Badge", "image": "/INTERSHOP/web/WFS/Jumbo-Grocery-Site/nl_NL/-/EUR/ViewPromotionAttachment-OpenFile?unitName=Jumbo&LocaleId=nl_NL&DirectoryPath=PromotionBadges&FileName=Seizoen.svg", "__typename": "PromotionBadge"}], "__typename": "Promotion"}], "surcharges": [], "__typename": "Product"}]}, {"id": "501898ZK", "brand": "JUMBO", "category": "Koek, snoep, chocolade en chips", "subtitle": "175 g", "title": "Jumbo Biologisch Ongebrande Hazelnoten 175g", "image": "https://retrieval.dam-lite.prod.aws.jumbo.com/fit-in/360x360/Products/09082023_1691590100202_1691590200336_8718452633623_1.png", "inAssortment": true, "availability": {"availability": "UNAVAILABLE", "isAvailable": false, "label": "Niet leverbaar", "stockLimit": null, "__typename": "ProductAvailability"}, "sponsored": false, "auctionId": null, "link": "/producten/jumbo-biologisch-ongebrande-hazelnoten-175g-501898ZK", "retailSet": false, "prices": {"price": 340, "promoPrice": null, "pricePerUnit": {"price": 1943, "unit": "kg", "__typename": "PricePerUnit"}, "__typename": "Price"}, "quantityDetails": {"maxAmount": 99, "minAmount": 1, "stepAmount": 1, "defaultAmount": 1, "__typename": "Quantity"}, "primaryBadge": [], "secondaryBadges": [], "badgeDescription": null, "customerAllergies": {"short": "", "__typename": "CustomerAllergies"}, "promotions": [], "surcharges": [], "__typename": "Product", "crossSells": [], "retailSetProducts": []}, {"id": "432703ZK", "brand": "JUMBO", "category": "Aardappelen, groente en fruit", "subtitle": "1 kg", "title": "Jumbo Aardappelen Krieltjes 1kg", "image": "https://retrieval.dam-lite.prod.aws.jumbo.com/fit-in/360x360/Products/09082023_1691588221384_1691588240115_8718452549597_1.png", "inAssortment": true, "availability": {"availability": "AVAILABLE", "isAvailable": true, "label": null, "stockLimit": null, "__typename": "ProductAvailability"}, "sponsored": false, "auctionId": null, "link": "/producten/jumbo-aardappelen-krieltjes-1kg-432703ZK", "retailSet": false, "prices": {"price": 229, "promoPrice": null, "pricePerUnit": {"price": 229, "unit": "kg", "__typename": "PricePerUnit"}, "__typename": "Price"}, "quantityDetails": {"maxAmount": 99, "minAmount": 1, "stepAmount": 1, "defaultAmount": 1, "__typename": "Quantity"}, "primaryBadge": [], "secondaryBadges": [{"alt": "Van dichtbij", "image": "/INTERSHOP/static/WFS/Jumbo-Site/Grocery/Jumbo-Grocery/nl_NL/PIMProductBadge/van-dichtbij.png", "__typename": "Badge"}], "badgeDescription": null, "customerAllergies": {"short": "", "__typename": "CustomerAllergies"}, "promotions": [], "surcharges": [], "__typename": "Product", "crossSells": [{"sku": "182218POT", "__typename": "Product"}, {"sku": "182208POT", "__typename": "Product"}], "retailSetProducts": []}, {"id": "591514ZK", "brand": "Jumbo", "category": "Aardappelen, groente en fruit", "subtitle": "500 g", "title": "Jumbo Bami en Nasi Groente 500g", "image": "https://retrieval.dam-lite.prod.aws.jumbo.com/fit-in/360x360/Products/336292ZK173e5ec7d-b545-495a-9578-6024cd0d85c4-1695798409672.png", "inAssortment": true, "availability": {"availability": "AVAILABLE", "isAvailable": true, "label": null, "stockLimit": null, "__typename": "ProductAvailability"}, "sponsored": false, "auctionId": null, "link": "/producten/jumbo-bami-en-nasi-groente-500g-591514ZK", "retailSet": false, "prices": {"price": 249, "promoPrice": null, "pricePerUnit": {"price": 498, "unit": "kg", "__typename": "PricePerUnit"}, "__typename": "Price"}, "quantityDetails": {"maxAmount": 99, "minAmount": 1, "stepAmount": 1, "defaultAmount": 1, "__typename": "Quantity"}, "primaryBadge": [], "secondaryBadges": [{"alt": "THT logo", "image": "/INTERSHOP/static/WFS/Jumbo-Site/Grocery/Jumbo-Grocery/nl_NL/PIMProductBadge/tht-1+.png", "__typename": "Badge"}, {"alt": "NIEUW", "image": "/INTERSHOP/static/WFS/Jumbo-Site/Grocery/Jumbo-Grocery/nl_NL/PIMProductBadge/nieuw.png", "__typename": "Badge"}], "badgeDescription": "1+ dagen houdbaar", "customerAllergies": {"short": "", "__typename": "CustomerAllergies"}, "promotions": [], "surcharges": [], "__typename": "Product", "crossSells": [{"sku": "442265ZK", "__typename": "Product"}], "retailSetProducts": []}, {"id": "212146STK", "brand": "Jumbo", "category": "Aardappelen, groente en fruit", "subtitle": "500 g", "title": "Jumbo Verse Zuurkool 500g", "image": "https://retrieval.dam-lite.prod.aws.jumbo.com/fit-in/360x360/Products/29092023_1695994883794_1695994891396_8718452310159_1.png", "inAssortment": true, "availability": {"availability": "AVAILABLE", "isAvailable": true, "label": null, "stockLimit": null, "__typename": "ProductAvailability"}, "sponsored": false, "auctionId": null, "link": "/producten/jumbo-verse-zuurkool-500g-212146STK", "retailSet": false, "prices": {"price": 139, "promoPrice": null, "pricePerUnit": {"price": 278, "unit": "kg", "__typename": "PricePerUnit"}, "__typename": "Price"}, "quantityDetails": {"maxAmount": 99, "minAmount": 1, "stepAmount": 1, "defaultAmount": 1, "__typename": "Quantity"}, "primaryBadge": [], "secondaryBadges": [{"alt": "THT logo", "image": "/INTERSHOP/static/WFS/Jumbo-Site/Grocery/Jumbo-Grocery/nl_NL/PIMProductBadge/tht-2+.png", "__typename": "Badge"}, {"alt": "NIEUW", "image": "/INTERSHOP/static/WFS/Jumbo-Site/Grocery/Jumbo-Grocery/nl_NL/PIMProductBadge/nieuw.png", "__typename": "Badge"}], "badgeDescription": "2+ dagen houdbaar", "customerAllergies": {"short": "", "__typename": "CustomerAllergies"}, "promotions": [], "surcharges": [], "__typename": "Product", "crossSells": [{"sku": "396146POT", "__typename": "Product"}, {"sku": "385711KGR", "__typename": "Product"}], "retailSetProducts": []}, {"id": "523334FLS", "brand": "innocent\u00a9", "category": "Aardappelen, groente en fruit", "subtitle": "300 ml", "title": "Innocent Super Smoothie Recharge 300ml", "image": "https://retrieval.dam-lite.prod.aws.jumbo.com/fit-in/360x360/Products/09082023_1691591813926_1691591818954_5038862239288_1.png", "inAssortment": true, "availability": {"availability": "AVAILABLE", "isAvailable": true, "label": null, "stockLimit": null, "__typename": "ProductAvailability"}, "sponsored": false, "auctionId": null, "link": "/producten/innocent-super-smoothie-recharge-300ml-523334FLS", "retailSet": false, "prices": {"price": 266, "promoPrice": null, "pricePerUnit": {"price": 887, "unit": "l", "__typename": "PricePerUnit"}, "__typename": "Price"}, "quantityDetails": {"maxAmount": 99, "minAmount": 1, "stepAmount": 1, "defaultAmount": 1, "__typename": "Quantity"}, "primaryBadge": [], "secondaryBadges": [{"alt": "THT logo", "image": "/INTERSHOP/static/WFS/Jumbo-Site/Grocery/Jumbo-Grocery/nl_NL/PIMProductBadge/tht-8+.png", "__typename": "Badge"}], "badgeDescription": "8+ dagen houdbaar", "customerAllergies": {"short": "", "__typename": "CustomerAllergies"}, "promotions": [], "surcharges": [], "__typename": "Product", "crossSells": [], "retailSetProducts": []}, {"id": "159388PAK", "brand": "Jumbo", "category": "Aardappelen, groente en fruit", "subtitle": "2 stuks", "title": "Jumbo Citroenen Biologisch 2 Stuks", "image": "https://retrieval.dam-lite.prod.aws.jumbo.com/fit-in/360x360/Products/10082023_1691674929251_1691674955438_8718452107421_1.png", "inAssortment": true, "availability": {"availability": "AVAILABLE", "isAvailable": true, "label": null, "stockLimit": null, "__typename": "ProductAvailability"}, "sponsored": false, "auctionId": null, "link": "/producten/jumbo-citroenen-biologisch-2-stuks-159388PAK", "retailSet": false, "prices": {"price": 179, "promoPrice": null, "pricePerUnit": {"price": 90, "unit": "pieces", "__typename": "PricePerUnit"}, "__typename": "Price"}, "quantityDetails": {"maxAmount": 99, "minAmount": 1, "stepAmount": 1, "defaultAmount": 1, "__typename": "Quantity"}, "primaryBadge": [], "secondaryBadges": [], "badgeDescription": null, "customerAllergies": {"short": "", "__typename": "CustomerAllergies"}, "promotions": [], "surcharges": [], "__typename": "Product", "crossSells": [{"sku": "338936NET", "__typename": "Product"}, {"sku": "483657NET", "__typename": "Product"}], "retailSetProducts": []}, {"id": "591325ZK", "brand": "Jumbo", "category": "Aardappelen, groente en fruit", "subtitle": "500 g", "title": "Jumbo Erwten Soepgroente 500g", "image": "https://retrieval.dam-lite.prod.aws.jumbo.com/fit-in/360x360/Products/202222ZK152305884-9425-4890-8baf-9334f2916bc1-1695306529643.png", "inAssortment": true, "availability": {"availability": "AVAILABLE", "isAvailable": true, "label": null, "stockLimit": null, "__typename": "ProductAvailability"}, "sponsored": false, "auctionId": null, "link": "/producten/jumbo-erwten-soepgroente-500g-591325ZK", "retailSet": false, "prices": {"price": 219, "promoPrice": null, "pricePerUnit": {"price": 438, "unit": "kg", "__typename": "PricePerUnit"}, "__typename": "Price"}, "quantityDetails": {"maxAmount": 99, "minAmount": 1, "stepAmount": 1, "defaultAmount": 1, "__typename": "Quantity"}, "primaryBadge": [], "secondaryBadges": [{"alt": "THT logo", "image": "/INTERSHOP/static/WFS/Jumbo-Site/Grocery/Jumbo-Grocery/nl_NL/PIMProductBadge/tht-1+.png", "__typename": "Badge"}, {"alt": "NIEUW", "image": "/INTERSHOP/static/WFS/Jumbo-Site/Grocery/Jumbo-Grocery/nl_NL/PIMProductBadge/nieuw.png", "__typename": "Badge"}], "badgeDescription": "1+ dagen houdbaar", "customerAllergies": {"short": "", "__typename": "CustomerAllergies"}, "promotions": [], "surcharges": [], "__typename": "Product", "crossSells": [], "retailSetProducts": []}, {"id": "37091STK", "brand": "Fyffes", "category": "Aardappelen, groente en fruit", "subtitle": null, "title": "Fyffes Ananas Gold", "image": "https://retrieval.dam-lite.prod.aws.jumbo.com/fit-in/360x360/Products/03112023_1699018444641_1699018452821_5397005027770_1.png", "inAssortment": true, "availability": {"availability": "AVAILABLE", "isAvailable": true, "label": null, "stockLimit": null, "__typename": "ProductAvailability"}, "sponsored": false, "auctionId": null, "link": "/producten/fyffes-ananas-gold-37091STK", "retailSet": false, "prices": {"price": 249, "promoPrice": null, "pricePerUnit": {"price": 249, "unit": "pieces", "__typename": "PricePerUnit"}, "__typename": "Price"}, "quantityDetails": {"maxAmount": 99, "minAmount": 1, "stepAmount": 1, "defaultAmount": 1, "__typename": "Quantity"}, "primaryBadge": [], "secondaryBadges": [], "badgeDescription": null, "customerAllergies": {"short": "", "__typename": "CustomerAllergies"}, "promotions": [{"id": "3798024-C-1", "group": "Seizoen", "isKiesAndMix": true, "image": "/INTERSHOP/static/WFS/Jumbo-Grocery-Site/-/Jumbo-Grocery/nl_NL/Images_Aanbiedingen/2023/Seizoensaanbiedingen/SA12/Kies%20en%20Mix%20Fruit_280px.png", "tags": [{"text": "2 voor \u20ac 4,00", "inverse": false, "__typename": "PromotionTag"}], "start": {"dayShort": "wo", "date": 8, "monthShort": "nov", "__typename": "PromotionDateTime"}, "end": {"dayShort": "di", "date": 5, "monthShort": "dec", "__typename": "PromotionDateTime"}, "attachments": [{"type": "CustomBadge", "path": "/INTERSHOP/web/WFS/Jumbo-Grocery-Site/nl_NL/-/EUR/ViewPromotionAttachment-OpenFile?LocaleId=nl_NL&DirectoryPath=0003-Kies%26Mix&FileName=Kies_mix_nieuw.png&UnitName=Jumbo-Grocery", "__typename": "PromotionAttachment"}, {"type": "PromotionGroup-Badge", "path": "/INTERSHOP/web/WFS/Jumbo-Grocery-Site/nl_NL/-/EUR/ViewPromotionAttachment-OpenFile?unitName=Jumbo&LocaleId=nl_NL&DirectoryPath=PromotionBadges&FileName=Seizoen.svg", "__typename": "PromotionAttachment"}], "primaryBadge": [{"alt": "CustomBadge", "image": "/INTERSHOP/web/WFS/Jumbo-Grocery-Site/nl_NL/-/EUR/ViewPromotionAttachment-OpenFile?LocaleId=nl_NL&DirectoryPath=0003-Kies%26Mix&FileName=Kies_mix_nieuw.png&UnitName=Jumbo-Grocery", "__typename": "PromotionBadge"}, {"alt": "PromotionGroup-Badge", "image": "/INTERSHOP/web/WFS/Jumbo-Grocery-Site/nl_NL/-/EUR/ViewPromotionAttachment-OpenFile?unitName=Jumbo&LocaleId=nl_NL&DirectoryPath=PromotionBadges&FileName=Seizoen.svg", "__typename": "PromotionBadge"}], "__typename": "Promotion"}], "surcharges": [], "__typename": "Product", "crossSells": [{"sku": "155557BAK", "__typename": "Product"}, {"sku": "232763STK", "__typename": "Product"}, {"sku": "45946STK", "__typename": "Product"}], "retailSetProducts": []}, {"id": "443838ZK", "brand": "Jumbo", "category": "Aardappelen, groente en fruit", "subtitle": "350 g", "title": "Jumbo Groentemix Kerrie Sous-vide Gegaard 350g", "image": "https://retrieval.dam-lite.prod.aws.jumbo.com/fit-in/360x360/Products/09082023_1691586031041_1691586039104_8718452403851_1.png", "inAssortment": true, "availability": {"availability": "AVAILABLE", "isAvailable": true, "label": null, "stockLimit": null, "__typename": "ProductAvailability"}, "sponsored": false, "auctionId": null, "link": "/producten/jumbo-groentemix-kerrie-sous-vide-gegaard-350g-443838ZK", "retailSet": false, "prices": {"price": 399, "promoPrice": null, "pricePerUnit": {"price": 1140, "unit": "kg", "__typename": "PricePerUnit"}, "__typename": "Price"}, "quantityDetails": {"maxAmount": 99, "minAmount": 1, "stepAmount": 1, "defaultAmount": 1, "__typename": "Quantity"}, "primaryBadge": [], "secondaryBadges": [{"alt": "THT logo", "image": "/INTERSHOP/static/WFS/Jumbo-Site/Grocery/Jumbo-Grocery/nl_NL/PIMProductBadge/tht-8+.png", "__typename": "Badge"}], "badgeDescription": "8+ dagen houdbaar", "customerAllergies": {"short": "", "__typename": "CustomerAllergies"}, "promotions": [], "surcharges": [], "__typename": "Product", "crossSells": [], "retailSetProducts": []}, {"id": "212151STK", "brand": "Jumbo", "category": "Aardappelen, groente en fruit", "subtitle": "300 g", "title": "Jumbo Uien Gesneden 300g", "image": "https://retrieval.dam-lite.prod.aws.jumbo.com/fit-in/360x360/Products/09082023_1691585109470_1691585123749_8718452302314_1.png", "inAssortment": true, "availability": {"availability": "TEMPORARILY_UNAVAILABLE", "isAvailable": false, "label": "Niet leverbaar", "stockLimit": null, "__typename": "ProductAvailability"}, "sponsored": false, "auctionId": null, "link": "/producten/jumbo-uien-gesneden-300g-212151STK", "retailSet": false, "prices": {"price": 199, "promoPrice": null, "pricePerUnit": {"price": 663, "unit": "kg", "__typename": "PricePerUnit"}, "__typename": "Price"}, "quantityDetails": {"maxAmount": 99, "minAmount": 1, "stepAmount": 1, "defaultAmount": 1, "__typename": "Quantity"}, "primaryBadge": [], "secondaryBadges": [{"alt": "THT logo", "image": "/INTERSHOP/static/WFS/Jumbo-Site/Grocery/Jumbo-Grocery/nl_NL/PIMProductBadge/tht-2+.png", "__typename": "Badge"}], "badgeDescription": "2+ dagen houdbaar", "customerAllergies": {"short": "", "__typename": "CustomerAllergies"}, "promotions": [], "surcharges": [], "__typename": "Product", "crossSells": [], "retailSetProducts": []}, {"id": "159423STK", "brand": "Jumbo", "category": "Aardappelen, groente en fruit", "subtitle": null, "title": "Jumbo Broccoli Biologisch 2 Personen", "image": "https://retrieval.dam-lite.prod.aws.jumbo.com/fit-in/360x360/Products/10082023_1691674928494_1691674957745_8718452107506_1.png", "inAssortment": true, "availability": {"availability": "AVAILABLE", "isAvailable": true, "label": null, "stockLimit": null, "__typename": "ProductAvailability"}, "sponsored": false, "auctionId": null, "link": "/producten/jumbo-broccoli-biologisch-2-personen-159423STK", "retailSet": false, "prices": {"price": 209, "promoPrice": null, "pricePerUnit": {"price": 209, "unit": "pieces", "__typename": "PricePerUnit"}, "__typename": "Price"}, "quantityDetails": {"maxAmount": 99, "minAmount": 1, "stepAmount": 1, "defaultAmount": 1, "__typename": "Quantity"}, "primaryBadge": [], "secondaryBadges": [], "badgeDescription": null, "customerAllergies": {"short": "", "__typename": "CustomerAllergies"}, "promotions": [], "surcharges": [], "__typename": "Product", "crossSells": [{"sku": "305333ZK", "__typename": "Product"}, {"sku": "511659POT", "__typename": "Product"}], "retailSetProducts": []}, {"id": "506768ZK", "brand": "JUMBO", "category": "Aardappelen, groente en fruit", "subtitle": "250 g", "title": "Jumbo Gesneden Uien 250g", "image": "https://retrieval.dam-lite.prod.aws.jumbo.com/fit-in/360x360/Products/09082023_1691592986077_1691592992186_8718452637119_1.png", "inAssortment": true, "availability": {"availability": "TEMPORARILY_UNAVAILABLE", "isAvailable": false, "label": "Niet leverbaar", "stockLimit": null, "__typename": "ProductAvailability"}, "sponsored": false, "auctionId": null, "link": "/producten/jumbo-gesneden-uien-250g-506768ZK", "retailSet": false, "prices": {"price": 227, "promoPrice": null, "pricePerUnit": {"price": 908, "unit": "kg", "__typename": "PricePerUnit"}, "__typename": "Price"}, "quantityDetails": {"maxAmount": 99, "minAmount": 1, "stepAmount": 1, "defaultAmount": 1, "__typename": "Quantity"}, "primaryBadge": [], "secondaryBadges": [{"alt": "THT logo", "image": "/INTERSHOP/static/WFS/Jumbo-Site/Grocery/Jumbo-Grocery/nl_NL/PIMProductBadge/tht-2+.png", "__typename": "Badge"}], "badgeDescription": "2+ dagen houdbaar", "customerAllergies": {"short": "", "__typename": "CustomerAllergies"}, "promotions": [], "surcharges": [], "__typename": "Product", "crossSells": [], "retailSetProducts": []}, {"id": "582521TRA", "brand": "Tessa\u00ae", "category": "Aardappelen, groente en fruit", "subtitle": "4 stuks", "title": "Tessa Appels 4 Stuks", "image": "https://retrieval.dam-lite.prod.aws.jumbo.com/fit-in/360x360/Products/11102023_1697016902711_1697016909081_8713893184390_1.png", "inAssortment": true, "availability": {"availability": "AVAILABLE", "isAvailable": true, "label": null, "stockLimit": null, "__typename": "ProductAvailability"}, "sponsored": false, "auctionId": null, "link": "/producten/tessa-appels-4-stuks-582521TRA", "retailSet": false, "prices": {"price": 249, "promoPrice": 149, "pricePerUnit": {"price": 37, "unit": "pieces", "__typename": "PricePerUnit"}, "__typename": "Price"}, "quantityDetails": {"maxAmount": 99, "minAmount": 1, "stepAmount": 1, "defaultAmount": 1, "__typename": "Quantity"}, "primaryBadge": [], "secondaryBadges": [{"alt": "Van dichtbij", "image": "/INTERSHOP/static/WFS/Jumbo-Site/Grocery/Jumbo-Grocery/nl_NL/PIMProductBadge/van-dichtbij.png", "__typename": "Badge"}], "badgeDescription": null, "customerAllergies": {"short": "", "__typename": "CustomerAllergies"}, "promotions": [{"id": "3926002-A-1", "group": "Week", "isKiesAndMix": false, "image": "/INTERSHOP/static/WFS/Jumbo-Grocery-Site/-/Jumbo-Grocery/nl_NL/Images_Aanbiedingen/2023/Weekaanbiedingen/Week%2043/Tessa%20appels.png", "tags": [{"text": "1 voor \u20ac 1,49", "inverse": false, "__typename": "PromotionTag"}], "start": {"dayShort": "wo", "date": 25, "monthShort": "okt", "__typename": "PromotionDateTime"}, "end": {"dayShort": "di", "date": 14, "monthShort": "nov", "__typename": "PromotionDateTime"}, "attachments": [{"type": "PromotionGroup-Badge", "path": "/INTERSHOP/web/WFS/Jumbo-Grocery-Site/nl_NL/-/EUR/ViewPromotionAttachment-OpenFile?unitName=Jumbo&LocaleId=nl_NL&DirectoryPath=PromotionBadges&FileName=Week.svg", "__typename": "PromotionAttachment"}], "primaryBadge": [{"alt": "PromotionGroup-Badge", "image": "/INTERSHOP/web/WFS/Jumbo-Grocery-Site/nl_NL/-/EUR/ViewPromotionAttachment-OpenFile?unitName=Jumbo&LocaleId=nl_NL&DirectoryPath=PromotionBadges&FileName=Week.svg", "__typename": "PromotionBadge"}], "__typename": "Promotion"}], "surcharges": [], "__typename": "Product", "crossSells": [], "retailSetProducts": []}, {"id": "230681ZK", "brand": "Jumbo", "category": "Aardappelen, groente en fruit", "subtitle": "200 g", "title": "Jumbo Biologische Gewassen Spinazie 200g", "image": "https://retrieval.dam-lite.prod.aws.jumbo.com/fit-in/360x360/Products/18092023_1695039981902_1695039990167_8718452414567_1.png", "inAssortment": true, "availability": {"availability": "AVAILABLE", "isAvailable": true, "label": null, "stockLimit": null, "__typename": "ProductAvailability"}, "sponsored": false, "auctionId": null, "link": "/producten/jumbo-biologische-gewassen-spinazie-200g-230681ZK", "retailSet": false, "prices": {"price": 265, "promoPrice": null, "pricePerUnit": {"price": 1325, "unit": "kg", "__typename": "PricePerUnit"}, "__typename": "Price"}, "quantityDetails": {"maxAmount": 99, "minAmount": 1, "stepAmount": 1, "defaultAmount": 1, "__typename": "Quantity"}, "primaryBadge": [], "secondaryBadges": [{"alt": "THT logo", "image": "/INTERSHOP/static/WFS/Jumbo-Site/Grocery/Jumbo-Grocery/nl_NL/PIMProductBadge/tht-2+.png", "__typename": "Badge"}], "badgeDescription": "2+ dagen houdbaar", "customerAllergies": {"short": "", "__typename": "CustomerAllergies"}, "promotions": [], "surcharges": [], "__typename": "Product", "crossSells": [], "retailSetProducts": []}, {"id": "159500BAK", "brand": "JUMBO", "category": "Aardappelen, groente en fruit", "subtitle": "4 stuks", "title": "Jumbo Biologisch Fruit Peren 4 Stuks", "image": "https://retrieval.dam-lite.prod.aws.jumbo.com/fit-in/360x360/Products/09082023_1691596138031_1691596142068_8718452107445_1.png", "inAssortment": true, "availability": {"availability": "AVAILABLE", "isAvailable": true, "label": null, "stockLimit": null, "__typename": "ProductAvailability"}, "sponsored": false, "auctionId": null, "link": "/producten/jumbo-biologisch-fruit-peren-4-stuks-159500BAK", "retailSet": false, "prices": {"price": 289, "promoPrice": null, "pricePerUnit": {"price": 72, "unit": "pieces", "__typename": "PricePerUnit"}, "__typename": "Price"}, "quantityDetails": {"maxAmount": 99, "minAmount": 1, "stepAmount": 1, "defaultAmount": 1, "__typename": "Quantity"}, "primaryBadge": [], "secondaryBadges": [{"alt": "Van dichtbij", "image": "/INTERSHOP/static/WFS/Jumbo-Site/Grocery/Jumbo-Grocery/nl_NL/PIMProductBadge/van-dichtbij.png", "__typename": "Badge"}], "badgeDescription": null, "customerAllergies": {"short": "", "__typename": "CustomerAllergies"}, "promotions": [], "surcharges": [], "__typename": "Product", "crossSells": [{"sku": "226925ZK", "__typename": "Product"}, {"sku": "483731ZK", "__typename": "Product"}], "retailSetProducts": []}, {"id": "338006STK", "brand": "Jumbo", "category": "Aardappelen, groente en fruit", "subtitle": null, "title": "Bananen en Mandarijnen", "image": "https://retrieval.dam-lite.prod.aws.jumbo.com/fit-in/360x360/Products/338006_20420291_1_T1_338006STK1691072694711.png", "inAssortment": true, "availability": {"availability": "AVAILABLE", "isAvailable": true, "label": null, "stockLimit": null, "__typename": "ProductAvailability"}, "sponsored": false, "auctionId": null, "link": "/producten/bananen-en-mandarijnen-338006STK", "retailSet": true, "prices": {"price": 478, "promoPrice": null, "pricePerUnit": {"price": null, "unit": null, "__typename": "PricePerUnit"}, "__typename": "Price"}, "quantityDetails": {"maxAmount": 99, "minAmount": 1, "stepAmount": 1, "defaultAmount": 1, "__typename": "Quantity"}, "primaryBadge": [], "secondaryBadges": [], "badgeDescription": null, "customerAllergies": {"short": "", "__typename": "CustomerAllergies"}, "promotions": [], "surcharges": [], "__typename": "Product", "crossSells": [], "retailSetProducts": [{"id": "532148ZK", "brand": "Dole\u00ae", "category": "Aardappelen, groente en fruit", "subtitle": null, "title": "Dole Bananen 5 Stuks", "image": "https://retrieval.dam-lite.prod.aws.jumbo.com/fit-in/360x360/Products/18092023_1695061234816_1695061241222_8718452709458_1.png", "inAssortment": true, "availability": {"availability": "AVAILABLE", "isAvailable": true, "label": null, "stockLimit": null, "__typename": "ProductAvailability"}, "sponsored": null, "auctionId": null, "link": "/producten/dole-bananen-5-stuks-532148ZK", "retailSet": false, "prices": {"price": 189, "promoPrice": null, "pricePerUnit": {"price": 189, "unit": "pieces", "__typename": "PricePerUnit"}, "__typename": "Price"}, "quantityDetails": {"maxAmount": 99, "minAmount": 1, "stepAmount": 1, "defaultAmount": 1, "__typename": "Quantity"}, "primaryBadge": [], "secondaryBadges": [], "badgeDescription": null, "customerAllergies": {"short": "", "__typename": "CustomerAllergies"}, "promotions": [], "surcharges": [], "__typename": "Product"}, {"id": "71499NET", "brand": "Jumbo", "category": "Aardappelen, groente en fruit", "subtitle": "1 KG", "title": "Jumbo Mandarijnen 1kg", "image": "https://retrieval.dam-lite.prod.aws.jumbo.com/fit-in/360x360/Products/10082023_1691674955180_1691674959535_8711715881847_1.png", "inAssortment": true, "availability": {"availability": "AVAILABLE", "isAvailable": true, "label": null, "stockLimit": null, "__typename": "ProductAvailability"}, "sponsored": null, "auctionId": null, "link": "/producten/jumbo-mandarijnen-1kg-71499NET", "retailSet": false, "prices": {"price": 289, "promoPrice": null, "pricePerUnit": {"price": 289, "unit": "kg", "__typename": "PricePerUnit"}, "__typename": "Price"}, "quantityDetails": {"maxAmount": 99, "minAmount": 1, "stepAmount": 1, "defaultAmount": 1, "__typename": "Quantity"}, "primaryBadge": [], "secondaryBadges": [], "badgeDescription": null, "customerAllergies": {"short": "", "__typename": "CustomerAllergies"}, "promotions": [], "surcharges": [], "__typename": "Product"}]}, {"id": "483657NET", "brand": "Jumbo", "category": "Aardappelen, groente en fruit", "subtitle": "1 kg", "title": "Jumbo Sinaasappelen Biologisch 1kg", "image": "https://retrieval.dam-lite.prod.aws.jumbo.com/fit-in/360x360/Products/18092023_1695030757553_1695030766497_8718452274826_1.png", "inAssortment": true, "availability": {"availability": "AVAILABLE", "isAvailable": true, "label": null, "stockLimit": null, "__typename": "ProductAvailability"}, "sponsored": false, "auctionId": null, "link": "/producten/jumbo-sinaasappelen-biologisch-1kg-483657NET", "retailSet": false, "prices": {"price": 299, "promoPrice": null, "pricePerUnit": {"price": 299, "unit": "kg", "__typename": "PricePerUnit"}, "__typename": "Price"}, "quantityDetails": {"maxAmount": 99, "minAmount": 1, "stepAmount": 1, "defaultAmount": 1, "__typename": "Quantity"}, "primaryBadge": [], "secondaryBadges": [], "badgeDescription": null, "customerAllergies": {"short": "", "__typename": "CustomerAllergies"}, "promotions": [], "surcharges": [], "__typename": "Product", "crossSells": [], "retailSetProducts": []}, {"id": "306041SC", "brand": "Jumbo", "category": "Aardappelen, groente en fruit", "subtitle": "4 stuks", "title": "Jumbo Royal Gala Appels 4 Stuks", "image": "https://retrieval.dam-lite.prod.aws.jumbo.com/fit-in/360x360/Products/09082023_1691586974088_1691586986197_8718452396535_1.png", "inAssortment": true, "availability": {"availability": "AVAILABLE", "isAvailable": true, "label": null, "stockLimit": null, "__typename": "ProductAvailability"}, "sponsored": false, "auctionId": null, "link": "/producten/jumbo-royal-gala-appels-4-stuks-306041SC", "retailSet": false, "prices": {"price": 229, "promoPrice": null, "pricePerUnit": {"price": 57, "unit": "pieces", "__typename": "PricePerUnit"}, "__typename": "Price"}, "quantityDetails": {"maxAmount": 99, "minAmount": 1, "stepAmount": 1, "defaultAmount": 1, "__typename": "Quantity"}, "primaryBadge": [], "secondaryBadges": [{"alt": "Van dichtbij", "image": "/INTERSHOP/static/WFS/Jumbo-Site/Grocery/Jumbo-Grocery/nl_NL/PIMProductBadge/van-dichtbij.png", "__typename": "Badge"}], "badgeDescription": null, "customerAllergies": {"short": "", "__typename": "CustomerAllergies"}, "promotions": [], "surcharges": [], "__typename": "Product", "crossSells": [], "retailSetProducts": []}, {"id": "579311ZK", "brand": "JUMBO", "category": "Aardappelen, groente en fruit", "subtitle": "85 g", "title": "Jumbo Munt Voordeelverpakking 85g", "image": "https://retrieval.dam-lite.prod.aws.jumbo.com/fit-in/360x360/Products/05092023_1693928047662_1693928054716_8718452772254_1.png", "inAssortment": true, "availability": {"availability": "AVAILABLE", "isAvailable": true, "label": null, "stockLimit": null, "__typename": "ProductAvailability"}, "sponsored": false, "auctionId": null, "link": "/producten/jumbo-munt-voordeelverpakking-85g-579311ZK", "retailSet": false, "prices": {"price": 229, "promoPrice": null, "pricePerUnit": {"price": 2694, "unit": "kg", "__typename": "PricePerUnit"}, "__typename": "Price"}, "quantityDetails": {"maxAmount": 99, "minAmount": 1, "stepAmount": 1, "defaultAmount": 1, "__typename": "Quantity"}, "primaryBadge": [], "secondaryBadges": [{"alt": "THT logo", "image": "/INTERSHOP/static/WFS/Jumbo-Site/Grocery/Jumbo-Grocery/nl_NL/PIMProductBadge/tht-4+.png", "__typename": "Badge"}], "badgeDescription": "4+ dagen houdbaar", "customerAllergies": {"short": "", "__typename": "CustomerAllergies"}, "promotions": [], "surcharges": [], "__typename": "Product", "crossSells": [], "retailSetProducts": []}, {"id": "200885ZK", "brand": "JUMBO", "category": "Aardappelen, groente en fruit", "subtitle": "400 g", "title": "Jumbo Bloemkool & Broccoli 400g", "image": "https://retrieval.dam-lite.prod.aws.jumbo.com/fit-in/360x360/Products/09082023_1691587282751_1691587294630_8718452303212_1.png", "inAssortment": true, "availability": {"availability": "AVAILABLE", "isAvailable": true, "label": null, "stockLimit": null, "__typename": "ProductAvailability"}, "sponsored": false, "auctionId": null, "link": "/producten/jumbo-bloemkool-broccoli-400g-200885ZK", "retailSet": false, "prices": {"price": 279, "promoPrice": null, "pricePerUnit": {"price": 698, "unit": "kg", "__typename": "PricePerUnit"}, "__typename": "Price"}, "quantityDetails": {"maxAmount": 99, "minAmount": 1, "stepAmount": 1, "defaultAmount": 1, "__typename": "Quantity"}, "primaryBadge": [], "secondaryBadges": [{"alt": "THT logo", "image": "/INTERSHOP/static/WFS/Jumbo-Site/Grocery/Jumbo-Grocery/nl_NL/PIMProductBadge/tht-2+.png", "__typename": "Badge"}], "badgeDescription": "2+ dagen houdbaar", "customerAllergies": {"short": "", "__typename": "CustomerAllergies"}, "promotions": [], "surcharges": [], "__typename": "Product", "crossSells": [], "retailSetProducts": []}, {"id": "577998DS", "brand": "JUMBO", "category": "Aardappelen, groente en fruit", "subtitle": "90 g", "title": "Jumbo Granaatappelpitjes 90g", "image": "https://retrieval.dam-lite.prod.aws.jumbo.com/fit-in/360x360/Products/09082023_1691594178765_1691594190673_8718452698271_1.png", "inAssortment": true, "availability": {"availability": "AVAILABLE", "isAvailable": true, "label": null, "stockLimit": null, "__typename": "ProductAvailability"}, "sponsored": false, "auctionId": null, "link": "/producten/jumbo-granaatappelpitjes-90g-577998DS", "retailSet": false, "prices": {"price": 229, "promoPrice": null, "pricePerUnit": {"price": 2544, "unit": "kg", "__typename": "PricePerUnit"}, "__typename": "Price"}, "quantityDetails": {"maxAmount": 99, "minAmount": 1, "stepAmount": 1, "defaultAmount": 1, "__typename": "Quantity"}, "primaryBadge": [], "secondaryBadges": [], "badgeDescription": null, "customerAllergies": {"short": "", "__typename": "CustomerAllergies"}, "promotions": [{"id": "9396023-C-1", "group": "Seizoen", "isKiesAndMix": true, "image": "/INTERSHOP/static/WFS/Jumbo-Grocery-Site/-/Jumbo-Grocery/nl_NL/Images_Aanbiedingen/2023/Kies%20en%20Mix/KMgesnfruit.png", "tags": [{"text": "3 voor \u20ac 6,00", "inverse": false, "__typename": "PromotionTag"}], "start": {"dayShort": "vr", "date": 3, "monthShort": "nov", "__typename": "PromotionDateTime"}, "end": {"dayShort": "di", "date": 5, "monthShort": "dec", "__typename": "PromotionDateTime"}, "attachments": [{"type": "CustomBadge", "path": "/INTERSHOP/web/WFS/Jumbo-Grocery-Site/nl_NL/-/EUR/ViewPromotionAttachment-OpenFile?LocaleId=nl_NL&DirectoryPath=0003-Kies%26Mix&FileName=Kies_mix_nieuw.png&UnitName=Jumbo-Grocery", "__typename": "PromotionAttachment"}, {"type": "PromotionGroup-Badge", "path": "/INTERSHOP/web/WFS/Jumbo-Grocery-Site/nl_NL/-/EUR/ViewPromotionAttachment-OpenFile?unitName=Jumbo&LocaleId=nl_NL&DirectoryPath=PromotionBadges&FileName=Seizoen.svg", "__typename": "PromotionAttachment"}], "primaryBadge": [{"alt": "CustomBadge", "image": "/INTERSHOP/web/WFS/Jumbo-Grocery-Site/nl_NL/-/EUR/ViewPromotionAttachment-OpenFile?LocaleId=nl_NL&DirectoryPath=0003-Kies%26Mix&FileName=Kies_mix_nieuw.png&UnitName=Jumbo-Grocery", "__typename": "PromotionBadge"}, {"alt": "PromotionGroup-Badge", "image": "/INTERSHOP/web/WFS/Jumbo-Grocery-Site/nl_NL/-/EUR/ViewPromotionAttachment-OpenFile?unitName=Jumbo&LocaleId=nl_NL&DirectoryPath=PromotionBadges&FileName=Seizoen.svg", "__typename": "PromotionBadge"}], "__typename": "Promotion"}], "surcharges": [], "__typename": "Product", "crossSells": [], "retailSetProducts": []}, {"id": "570761STK", "brand": null, "category": "Aardappelen, groente en fruit", "subtitle": null, "title": "Jumbo Friszoet & Sappig Elstar Voordeel 2 x 1, 5kg", "image": "https://static-images.jumbo.com/product_images/030520231521_570761STK-1_360x360_2.png", "inAssortment": true, "availability": {"availability": "AVAILABLE", "isAvailable": true, "label": null, "stockLimit": null, "__typename": "ProductAvailability"}, "sponsored": false, "auctionId": null, "link": "/producten/jumbo-friszoet-sappig-elstar-voordeel-2-x-1,5kg-570761STK", "retailSet": true, "prices": {"price": 448, "promoPrice": null, "pricePerUnit": {"price": null, "unit": null, "__typename": "PricePerUnit"}, "__typename": "Price"}, "quantityDetails": {"maxAmount": 99, "minAmount": 1, "stepAmount": 1, "defaultAmount": 1, "__typename": "Quantity"}, "primaryBadge": [], "secondaryBadges": [], "badgeDescription": null, "customerAllergies": {"short": "", "__typename": "CustomerAllergies"}, "promotions": [], "surcharges": [], "__typename": "Product", "crossSells": [], "retailSetProducts": [{"id": "306034ZK", "brand": "Jumbo", "category": "Aardappelen, groente en fruit", "subtitle": "1.5 KILO", "title": "Jumbo Elstar Appels Voordeelverpakking 1, 5kg", "image": "https://retrieval.dam-lite.prod.aws.jumbo.com/fit-in/360x360/Products/10082023_1691677392872_1691677395732_8711715881755_1.png", "inAssortment": true, "availability": {"availability": "AVAILABLE", "isAvailable": true, "label": null, "stockLimit": null, "__typename": "ProductAvailability"}, "sponsored": null, "auctionId": null, "link": "/producten/jumbo-elstar-appels-voordeelverpakking-1,5kg-306034ZK", "retailSet": false, "prices": {"price": 224, "promoPrice": null, "pricePerUnit": {"price": 149, "unit": "kg", "__typename": "PricePerUnit"}, "__typename": "Price"}, "quantityDetails": {"maxAmount": 99, "minAmount": 1, "stepAmount": 1, "defaultAmount": 1, "__typename": "Quantity"}, "primaryBadge": [], "secondaryBadges": [{"alt": "NIEUW", "image": "/INTERSHOP/static/WFS/Jumbo-Site/Grocery/Jumbo-Grocery/nl_NL/PIMProductBadge/nieuw.png", "__typename": "Badge"}, {"alt": "Van dichtbij", "image": "/INTERSHOP/static/WFS/Jumbo-Site/Grocery/Jumbo-Grocery/nl_NL/PIMProductBadge/van-dichtbij.png", "__typename": "Badge"}], "badgeDescription": null, "customerAllergies": {"short": "", "__typename": "CustomerAllergies"}, "promotions": [], "surcharges": [], "__typename": "Product"}]}, {"id": "529644FLS", "brand": "Jumbo", "category": "Frisdrank en sappen", "subtitle": "250 ml", "title": "Jumbo Vers Sap Sinaasappel & Aardbei 250ML", "image": "https://retrieval.dam-lite.prod.aws.jumbo.com/fit-in/360x360/Products/529644_8718452668601_1_T1_193566FLS1691077312568.png", "inAssortment": true, "availability": {"availability": "AVAILABLE", "isAvailable": true, "label": null, "stockLimit": null, "__typename": "ProductAvailability"}, "sponsored": false, "auctionId": null, "link": "/producten/jumbo-vers-sap-sinaasappel-aardbei-250ml-529644FLS", "retailSet": false, "prices": {"price": 189, "promoPrice": null, "pricePerUnit": {"price": 756, "unit": "l", "__typename": "PricePerUnit"}, "__typename": "Price"}, "quantityDetails": {"maxAmount": 99, "minAmount": 1, "stepAmount": 1, "defaultAmount": 1, "__typename": "Quantity"}, "primaryBadge": [], "secondaryBadges": [{"alt": "THT logo", "image": "/INTERSHOP/static/WFS/Jumbo-Site/Grocery/Jumbo-Grocery/nl_NL/PIMProductBadge/tht-10+.png", "__typename": "Badge"}], "badgeDescription": "10+ dagen houdbaar", "customerAllergies": {"short": "", "__typename": "CustomerAllergies"}, "promotions": [], "surcharges": [], "__typename": "Product", "crossSells": [], "retailSetProducts": []}, {"id": "212170STK", "brand": "Jumbo", "category": "Aardappelen, groente en fruit", "subtitle": "350 g", "title": "Jumbo Bietjes & Ui Gesneden 350g", "image": "https://retrieval.dam-lite.prod.aws.jumbo.com/fit-in/360x360/Products/09082023_1691585002061_1691585019015_8718452310104_1.png", "inAssortment": true, "availability": {"availability": "AVAILABLE", "isAvailable": true, "label": null, "stockLimit": null, "__typename": "ProductAvailability"}, "sponsored": false, "auctionId": null, "link": "/producten/jumbo-bietjes-ui-gesneden-350g-212170STK", "retailSet": false, "prices": {"price": 259, "promoPrice": null, "pricePerUnit": {"price": 740, "unit": "kg", "__typename": "PricePerUnit"}, "__typename": "Price"}, "quantityDetails": {"maxAmount": 99, "minAmount": 1, "stepAmount": 1, "defaultAmount": 1, "__typename": "Quantity"}, "primaryBadge": [], "secondaryBadges": [{"alt": "THT logo", "image": "/INTERSHOP/static/WFS/Jumbo-Site/Grocery/Jumbo-Grocery/nl_NL/PIMProductBadge/tht-2+.png", "__typename": "Badge"}, {"alt": "Van dichtbij", "image": "/INTERSHOP/static/WFS/Jumbo-Site/Grocery/Jumbo-Grocery/nl_NL/PIMProductBadge/van-dichtbij.png", "__typename": "Badge"}], "badgeDescription": "2+ dagen houdbaar", "customerAllergies": {"short": "", "__typename": "CustomerAllergies"}, "promotions": [], "surcharges": [], "__typename": "Product", "crossSells": [], "retailSetProducts": []}, {"id": "577377DS", "brand": "Eurosalad", "category": "Aardappelen, groente en fruit", "subtitle": "200 gram", "title": "Eurosalad Benelux Salade 200g", "image": "https://retrieval.dam-lite.prod.aws.jumbo.com/fit-in/360x360/Products/09082023_1691586885391_1691586902588_8718481862407_1.png", "inAssortment": true, "availability": {"availability": "AVAILABLE", "isAvailable": true, "label": null, "stockLimit": null, "__typename": "ProductAvailability"}, "sponsored": false, "auctionId": null, "link": "/producten/eurosalad-benelux-salade-200g-577377DS", "retailSet": false, "prices": {"price": 279, "promoPrice": null, "pricePerUnit": {"price": 1395, "unit": "kg", "__typename": "PricePerUnit"}, "__typename": "Price"}, "quantityDetails": {"maxAmount": 99, "minAmount": 1, "stepAmount": 1, "defaultAmount": 1, "__typename": "Quantity"}, "primaryBadge": [], "secondaryBadges": [{"alt": "THT logo", "image": "/INTERSHOP/static/WFS/Jumbo-Site/Grocery/Jumbo-Grocery/nl_NL/PIMProductBadge/tht-1+.png", "__typename": "Badge"}], "badgeDescription": "1+ dagen houdbaar", "customerAllergies": {"short": "", "__typename": "CustomerAllergies"}, "promotions": [], "surcharges": [], "__typename": "Product", "crossSells": [], "retailSetProducts": []}, {"id": "570762STK", "brand": null, "category": "Aardappelen, groente en fruit", "subtitle": null, "title": "Jumbo Conference 3 x 1kg", "image": "https://retrieval.dam-lite.prod.aws.jumbo.com/fit-in/360x360/Products/570762_20222406_1_T1_570762STK1691079092008.png", "inAssortment": true, "availability": {"availability": "AVAILABLE", "isAvailable": true, "label": null, "stockLimit": null, "__typename": "ProductAvailability"}, "sponsored": false, "auctionId": null, "link": "/producten/jumbo-conference-3-x-1kg-570762STK", "retailSet": true, "prices": {"price": 753, "promoPrice": null, "pricePerUnit": {"price": null, "unit": null, "__typename": "PricePerUnit"}, "__typename": "Price"}, "quantityDetails": {"maxAmount": 99, "minAmount": 1, "stepAmount": 1, "defaultAmount": 1, "__typename": "Quantity"}, "primaryBadge": [], "secondaryBadges": [], "badgeDescription": null, "customerAllergies": {"short": "", "__typename": "CustomerAllergies"}, "promotions": [], "surcharges": [], "__typename": "Product", "crossSells": [], "retailSetProducts": [{"id": "376677STK", "brand": "Jumbo", "category": "Aardappelen, groente en fruit", "subtitle": "1 KILO", "title": "Jumbo Conference 1kg", "image": "https://retrieval.dam-lite.prod.aws.jumbo.com/fit-in/360x360/Products/09082023_1691586974866_1691586985642_8718452490479_1.png", "inAssortment": true, "availability": {"availability": "AVAILABLE", "isAvailable": true, "label": null, "stockLimit": null, "__typename": "ProductAvailability"}, "sponsored": null, "auctionId": null, "link": "/producten/jumbo-conference-1kg-376677STK", "retailSet": false, "prices": {"price": 251, "promoPrice": null, "pricePerUnit": {"price": 251, "unit": "kg", "__typename": "PricePerUnit"}, "__typename": "Price"}, "quantityDetails": {"maxAmount": 99, "minAmount": 1, "stepAmount": 1, "defaultAmount": 1, "__typename": "Quantity"}, "primaryBadge": [], "secondaryBadges": [{"alt": "NIEUW", "image": "/INTERSHOP/static/WFS/Jumbo-Site/Grocery/Jumbo-Grocery/nl_NL/PIMProductBadge/nieuw.png", "__typename": "Badge"}, {"alt": "Van dichtbij", "image": "/INTERSHOP/static/WFS/Jumbo-Site/Grocery/Jumbo-Grocery/nl_NL/PIMProductBadge/van-dichtbij.png", "__typename": "Badge"}], "badgeDescription": null, "customerAllergies": {"short": "", "__typename": "CustomerAllergies"}, "promotions": [], "surcharges": [], "__typename": "Product"}]}, {"id": "441720STK", "brand": "Jumbo", "category": "Aardappelen, groente en fruit", "subtitle": null, "title": "Jumbo Fruitmix Kiwi-Aardbei, Mangostukjes en Ananas Stukjes", "image": "https://retrieval.dam-lite.prod.aws.jumbo.com/fit-in/360x360/Products/441720_20034580_1_T1_441720STK1691073891244.png", "inAssortment": true, "availability": {"availability": "AVAILABLE", "isAvailable": true, "label": null, "stockLimit": null, "__typename": "ProductAvailability"}, "sponsored": false, "auctionId": null, "link": "/producten/jumbo-fruitmix-kiwi-aardbei-mangostukjes-en-ananas-stukjes-441720STK", "retailSet": true, "prices": {"price": 683, "promoPrice": null, "pricePerUnit": {"price": null, "unit": null, "__typename": "PricePerUnit"}, "__typename": "Price"}, "quantityDetails": {"maxAmount": 99, "minAmount": 1, "stepAmount": 1, "defaultAmount": 1, "__typename": "Quantity"}, "primaryBadge": [], "secondaryBadges": [], "badgeDescription": null, "customerAllergies": {"short": "", "__typename": "CustomerAllergies"}, "promotions": [{"id": "bk_mixfruit", "group": "Nvt", "isKiesAndMix": false, "image": "/INTERSHOP/static/WFS/Jumbo-Grocery-Site/-/Jumbo-Grocery/nl_NL/Images_Aanbiedingen/2023/bk_fruitmix.png", "tags": [{"text": "1 set voor \u20ac 6,00", "inverse": false, "__typename": "PromotionTag"}], "start": {"dayShort": "wo", "date": 12, "monthShort": "jul", "__typename": "PromotionDateTime"}, "end": {"dayShort": "di", "date": 5, "monthShort": "dec", "__typename": "PromotionDateTime"}, "attachments": [], "primaryBadge": [], "__typename": "Promotion"}], "surcharges": [], "__typename": "Product", "crossSells": [], "retailSetProducts": [{"id": "577978DS", "brand": "JUMBO", "category": "Aardappelen, groente en fruit", "subtitle": "175 g", "title": "Jumbo Ananas stukjes 175g", "image": "https://retrieval.dam-lite.prod.aws.jumbo.com/fit-in/360x360/Products/09082023_1691594178533_1691594189571_8718452698240_1.png", "inAssortment": true, "availability": {"availability": "AVAILABLE", "isAvailable": true, "label": null, "stockLimit": null, "__typename": "ProductAvailability"}, "sponsored": null, "auctionId": null, "link": "/producten/jumbo-ananas-stukjes-175g-577978DS", "retailSet": false, "prices": {"price": 229, "promoPrice": null, "pricePerUnit": {"price": 1309, "unit": "kg", "__typename": "PricePerUnit"}, "__typename": "Price"}, "quantityDetails": {"maxAmount": 99, "minAmount": 1, "stepAmount": 1, "defaultAmount": 1, "__typename": "Quantity"}, "primaryBadge": [], "secondaryBadges": [], "badgeDescription": null, "customerAllergies": {"short": "", "__typename": "CustomerAllergies"}, "promotions": [{"id": "9396023-C-1", "group": "Seizoen", "isKiesAndMix": true, "image": "/INTERSHOP/static/WFS/Jumbo-Grocery-Site/-/Jumbo-Grocery/nl_NL/Images_Aanbiedingen/2023/Kies%20en%20Mix/KMgesnfruit.png", "tags": [{"text": "3 voor \u20ac 6,00", "inverse": false, "__typename": "PromotionTag"}], "start": {"dayShort": "vr", "date": 3, "monthShort": "nov", "__typename": "PromotionDateTime"}, "end": {"dayShort": "di", "date": 5, "monthShort": "dec", "__typename": "PromotionDateTime"}, "attachments": [{"type": "CustomBadge", "path": "/INTERSHOP/web/WFS/Jumbo-Grocery-Site/nl_NL/-/EUR/ViewPromotionAttachment-OpenFile?LocaleId=nl_NL&DirectoryPath=0003-Kies%26Mix&FileName=Kies_mix_nieuw.png&UnitName=Jumbo-Grocery", "__typename": "PromotionAttachment"}, {"type": "PromotionGroup-Badge", "path": "/INTERSHOP/web/WFS/Jumbo-Grocery-Site/nl_NL/-/EUR/ViewPromotionAttachment-OpenFile?unitName=Jumbo&LocaleId=nl_NL&DirectoryPath=PromotionBadges&FileName=Seizoen.svg", "__typename": "PromotionAttachment"}], "primaryBadge": [{"alt": "CustomBadge", "image": "/INTERSHOP/web/WFS/Jumbo-Grocery-Site/nl_NL/-/EUR/ViewPromotionAttachment-OpenFile?LocaleId=nl_NL&DirectoryPath=0003-Kies%26Mix&FileName=Kies_mix_nieuw.png&UnitName=Jumbo-Grocery", "__typename": "PromotionBadge"}, {"alt": "PromotionGroup-Badge", "image": "/INTERSHOP/web/WFS/Jumbo-Grocery-Site/nl_NL/-/EUR/ViewPromotionAttachment-OpenFile?unitName=Jumbo&LocaleId=nl_NL&DirectoryPath=PromotionBadges&FileName=Seizoen.svg", "__typename": "PromotionBadge"}], "__typename": "Promotion"}], "surcharges": [], "__typename": "Product"}, {"id": "578005DS", "brand": "JUMBO", "category": "Aardappelen, groente en fruit", "subtitle": "150 g", "title": "Jumbo Fruitstukjes Cantaloupemeloen, Druif, Appel, Kiwi & Aardbei 150g", "image": "https://retrieval.dam-lite.prod.aws.jumbo.com/fit-in/360x360/Products/09082023_1691594179037_1691594196489_8718452698349_1.png", "inAssortment": true, "availability": {"availability": "AVAILABLE", "isAvailable": true, "label": null, "stockLimit": null, "__typename": "ProductAvailability"}, "sponsored": null, "auctionId": null, "link": "/producten/jumbo-fruitstukjes-cantaloupemeloen-druif-appel-kiwi-aardbei-150g-578005DS", "retailSet": false, "prices": {"price": 229, "promoPrice": null, "pricePerUnit": {"price": 1527, "unit": "kg", "__typename": "PricePerUnit"}, "__typename": "Price"}, "quantityDetails": {"maxAmount": 99, "minAmount": 1, "stepAmount": 1, "defaultAmount": 1, "__typename": "Quantity"}, "primaryBadge": [], "secondaryBadges": [], "badgeDescription": null, "customerAllergies": {"short": "", "__typename": "CustomerAllergies"}, "promotions": [{"id": "9396023-C-1", "group": "Seizoen", "isKiesAndMix": true, "image": "/INTERSHOP/static/WFS/Jumbo-Grocery-Site/-/Jumbo-Grocery/nl_NL/Images_Aanbiedingen/2023/Kies%20en%20Mix/KMgesnfruit.png", "tags": [{"text": "3 voor \u20ac 6,00", "inverse": false, "__typename": "PromotionTag"}], "start": {"dayShort": "vr", "date": 3, "monthShort": "nov", "__typename": "PromotionDateTime"}, "end": {"dayShort": "di", "date": 5, "monthShort": "dec", "__typename": "PromotionDateTime"}, "attachments": [{"type": "CustomBadge", "path": "/INTERSHOP/web/WFS/Jumbo-Grocery-Site/nl_NL/-/EUR/ViewPromotionAttachment-OpenFile?LocaleId=nl_NL&DirectoryPath=0003-Kies%26Mix&FileName=Kies_mix_nieuw.png&UnitName=Jumbo-Grocery", "__typename": "PromotionAttachment"}, {"type": "PromotionGroup-Badge", "path": "/INTERSHOP/web/WFS/Jumbo-Grocery-Site/nl_NL/-/EUR/ViewPromotionAttachment-OpenFile?unitName=Jumbo&LocaleId=nl_NL&DirectoryPath=PromotionBadges&FileName=Seizoen.svg", "__typename": "PromotionAttachment"}], "primaryBadge": [{"alt": "CustomBadge", "image": "/INTERSHOP/web/WFS/Jumbo-Grocery-Site/nl_NL/-/EUR/ViewPromotionAttachment-OpenFile?LocaleId=nl_NL&DirectoryPath=0003-Kies%26Mix&FileName=Kies_mix_nieuw.png&UnitName=Jumbo-Grocery", "__typename": "PromotionBadge"}, {"alt": "PromotionGroup-Badge", "image": "/INTERSHOP/web/WFS/Jumbo-Grocery-Site/nl_NL/-/EUR/ViewPromotionAttachment-OpenFile?unitName=Jumbo&LocaleId=nl_NL&DirectoryPath=PromotionBadges&FileName=Seizoen.svg", "__typename": "PromotionBadge"}], "__typename": "Promotion"}], "surcharges": [], "__typename": "Product"}, {"id": "577996DS", "brand": "JUMBO", "category": "Aardappelen, groente en fruit", "subtitle": "120 g", "title": "Jumbo Mango stukjes 120 gram", "image": "https://retrieval.dam-lite.prod.aws.jumbo.com/fit-in/360x360/Products/09082023_1691594178705_1691594190949_8718452698264_1.png", "inAssortment": true, "availability": {"availability": "AVAILABLE", "isAvailable": true, "label": null, "stockLimit": null, "__typename": "ProductAvailability"}, "sponsored": null, "auctionId": null, "link": "/producten/jumbo-mango-stukjes-120-gram-577996DS", "retailSet": false, "prices": {"price": 225, "promoPrice": null, "pricePerUnit": {"price": 1875, "unit": "kg", "__typename": "PricePerUnit"}, "__typename": "Price"}, "quantityDetails": {"maxAmount": 99, "minAmount": 1, "stepAmount": 1, "defaultAmount": 1, "__typename": "Quantity"}, "primaryBadge": [], "secondaryBadges": [], "badgeDescription": null, "customerAllergies": {"short": "", "__typename": "CustomerAllergies"}, "promotions": [{"id": "9396023-C-1", "group": "Seizoen", "isKiesAndMix": true, "image": "/INTERSHOP/static/WFS/Jumbo-Grocery-Site/-/Jumbo-Grocery/nl_NL/Images_Aanbiedingen/2023/Kies%20en%20Mix/KMgesnfruit.png", "tags": [{"text": "3 voor \u20ac 6,00", "inverse": false, "__typename": "PromotionTag"}], "start": {"dayShort": "vr", "date": 3, "monthShort": "nov", "__typename": "PromotionDateTime"}, "end": {"dayShort": "di", "date": 5, "monthShort": "dec", "__typename": "PromotionDateTime"}, "attachments": [{"type": "CustomBadge", "path": "/INTERSHOP/web/WFS/Jumbo-Grocery-Site/nl_NL/-/EUR/ViewPromotionAttachment-OpenFile?LocaleId=nl_NL&DirectoryPath=0003-Kies%26Mix&FileName=Kies_mix_nieuw.png&UnitName=Jumbo-Grocery", "__typename": "PromotionAttachment"}, {"type": "PromotionGroup-Badge", "path": "/INTERSHOP/web/WFS/Jumbo-Grocery-Site/nl_NL/-/EUR/ViewPromotionAttachment-OpenFile?unitName=Jumbo&LocaleId=nl_NL&DirectoryPath=PromotionBadges&FileName=Seizoen.svg", "__typename": "PromotionAttachment"}], "primaryBadge": [{"alt": "CustomBadge", "image": "/INTERSHOP/web/WFS/Jumbo-Grocery-Site/nl_NL/-/EUR/ViewPromotionAttachment-OpenFile?LocaleId=nl_NL&DirectoryPath=0003-Kies%26Mix&FileName=Kies_mix_nieuw.png&UnitName=Jumbo-Grocery", "__typename": "PromotionBadge"}, {"alt": "PromotionGroup-Badge", "image": "/INTERSHOP/web/WFS/Jumbo-Grocery-Site/nl_NL/-/EUR/ViewPromotionAttachment-OpenFile?unitName=Jumbo&LocaleId=nl_NL&DirectoryPath=PromotionBadges&FileName=Seizoen.svg", "__typename": "PromotionBadge"}], "__typename": "Promotion"}], "surcharges": [], "__typename": "Product"}]}, {"id": "441718STK", "brand": "Jumbo", "category": "Aardappelen, groente en fruit", "subtitle": null, "title": "Tessa Appels met Bananen", "image": "https://retrieval.dam-lite.prod.aws.jumbo.com/fit-in/360x360/Products/441718STKdaafdc01-cfbc-4b42-a214-3f57cdc3f848-1698237009024.png", "inAssortment": true, "availability": {"availability": "AVAILABLE", "isAvailable": true, "label": null, "stockLimit": null, "__typename": "ProductAvailability"}, "sponsored": false, "auctionId": null, "link": "/producten/tessa-appels-met-bananen-441718STK", "retailSet": true, "prices": {"price": 438, "promoPrice": null, "pricePerUnit": {"price": null, "unit": null, "__typename": "PricePerUnit"}, "__typename": "Price"}, "quantityDetails": {"maxAmount": 99, "minAmount": 1, "stepAmount": 1, "defaultAmount": 1, "__typename": "Quantity"}, "primaryBadge": [], "secondaryBadges": [], "badgeDescription": null, "customerAllergies": {"short": "", "__typename": "CustomerAllergies"}, "promotions": [], "surcharges": [], "__typename": "Product", "crossSells": [], "retailSetProducts": [{"id": "409779ZK", "brand": "Tessa", "category": "Aardappelen, groente en fruit", "subtitle": "1000 g", "title": "Tessa Appels 1KG", "image": "https://retrieval.dam-lite.prod.aws.jumbo.com/fit-in/360x360/Products/20102023_1697801882701_1697801887846_8713893186424_1.png", "inAssortment": true, "availability": {"availability": "AVAILABLE", "isAvailable": true, "label": null, "stockLimit": null, "__typename": "ProductAvailability"}, "sponsored": null, "auctionId": null, "link": "/producten/tessa-appels-1kg-409779ZK", "retailSet": false, "prices": {"price": 249, "promoPrice": 149, "pricePerUnit": {"price": 249, "unit": "kg", "__typename": "PricePerUnit"}, "__typename": "Price"}, "quantityDetails": {"maxAmount": 99, "minAmount": 1, "stepAmount": 1, "defaultAmount": 1, "__typename": "Quantity"}, "primaryBadge": [], "secondaryBadges": [{"alt": "Van dichtbij", "image": "/INTERSHOP/static/WFS/Jumbo-Site/Grocery/Jumbo-Grocery/nl_NL/PIMProductBadge/van-dichtbij.png", "__typename": "Badge"}], "badgeDescription": null, "customerAllergies": {"short": "", "__typename": "CustomerAllergies"}, "promotions": [{"id": "3926002-A-1", "group": "Week", "isKiesAndMix": false, "image": "/INTERSHOP/static/WFS/Jumbo-Grocery-Site/-/Jumbo-Grocery/nl_NL/Images_Aanbiedingen/2023/Weekaanbiedingen/Week%2043/Tessa%20appels.png", "tags": [{"text": "1 voor \u20ac 1,49", "inverse": false, "__typename": "PromotionTag"}], "start": {"dayShort": "wo", "date": 25, "monthShort": "okt", "__typename": "PromotionDateTime"}, "end": {"dayShort": "di", "date": 14, "monthShort": "nov", "__typename": "PromotionDateTime"}, "attachments": [{"type": "PromotionGroup-Badge", "path": "/INTERSHOP/web/WFS/Jumbo-Grocery-Site/nl_NL/-/EUR/ViewPromotionAttachment-OpenFile?unitName=Jumbo&LocaleId=nl_NL&DirectoryPath=PromotionBadges&FileName=Week.svg", "__typename": "PromotionAttachment"}], "primaryBadge": [{"alt": "PromotionGroup-Badge", "image": "/INTERSHOP/web/WFS/Jumbo-Grocery-Site/nl_NL/-/EUR/ViewPromotionAttachment-OpenFile?unitName=Jumbo&LocaleId=nl_NL&DirectoryPath=PromotionBadges&FileName=Week.svg", "__typename": "PromotionBadge"}], "__typename": "Promotion"}], "surcharges": [], "__typename": "Product"}, {"id": "532148ZK", "brand": "Dole\u00ae", "category": "Aardappelen, groente en fruit", "subtitle": null, "title": "Dole Bananen 5 Stuks", "image": "https://retrieval.dam-lite.prod.aws.jumbo.com/fit-in/360x360/Products/18092023_1695061234816_1695061241222_8718452709458_1.png", "inAssortment": true, "availability": {"availability": "AVAILABLE", "isAvailable": true, "label": null, "stockLimit": null, "__typename": "ProductAvailability"}, "sponsored": null, "auctionId": null, "link": "/producten/dole-bananen-5-stuks-532148ZK", "retailSet": false, "prices": {"price": 189, "promoPrice": null, "pricePerUnit": {"price": 189, "unit": "pieces", "__typename": "PricePerUnit"}, "__typename": "Price"}, "quantityDetails": {"maxAmount": 99, "minAmount": 1, "stepAmount": 1, "defaultAmount": 1, "__typename": "Quantity"}, "primaryBadge": [], "secondaryBadges": [], "badgeDescription": null, "customerAllergies": {"short": "", "__typename": "CustomerAllergies"}, "promotions": [], "surcharges": [], "__typename": "Product"}]}, {"id": "591317ZK", "brand": "Jumbo", "category": "Aardappelen, groente en fruit", "subtitle": "400 g", "title": "Jumbo Boeren Soepgroente 400g", "image": "https://retrieval.dam-lite.prod.aws.jumbo.com/fit-in/360x360/Products/367370ZK153641bdc-1421-430c-945e-4a8e7f37dce4-1695307998913.png", "inAssortment": true, "availability": {"availability": "AVAILABLE", "isAvailable": true, "label": null, "stockLimit": null, "__typename": "ProductAvailability"}, "sponsored": false, "auctionId": null, "link": "/producten/jumbo-boeren-soepgroente-400g-591317ZK", "retailSet": false, "prices": {"price": 193, "promoPrice": null, "pricePerUnit": {"price": 483, "unit": "kg", "__typename": "PricePerUnit"}, "__typename": "Price"}, "quantityDetails": {"maxAmount": 99, "minAmount": 1, "stepAmount": 1, "defaultAmount": 1, "__typename": "Quantity"}, "primaryBadge": [], "secondaryBadges": [{"alt": "NIEUW", "image": "/INTERSHOP/static/WFS/Jumbo-Site/Grocery/Jumbo-Grocery/nl_NL/PIMProductBadge/nieuw.png", "__typename": "Badge"}, {"alt": "THT logo", "image": "/INTERSHOP/static/WFS/Jumbo-Site/Grocery/Jumbo-Grocery/nl_NL/PIMProductBadge/tht-1+.png", "__typename": "Badge"}], "badgeDescription": "1+ dagen houdbaar", "customerAllergies": {"short": "", "__typename": "CustomerAllergies"}, "promotions": [], "surcharges": [], "__typename": "Product", "crossSells": [], "retailSetProducts": []}, {"id": "570745STK", "brand": null, "category": "Aardappelen, groente en fruit", "subtitle": null, "title": "Jumbo Fruit Pakket", "image": "https://retrieval.dam-lite.prod.aws.jumbo.com/fit-in/360x360/Products/570745STK1d26c762-9042-4835-90e1-9b837d2946cc-1698236931620.png", "inAssortment": true, "availability": {"availability": "AVAILABLE", "isAvailable": true, "label": null, "stockLimit": null, "__typename": "ProductAvailability"}, "sponsored": false, "auctionId": null, "link": "/producten/jumbo-fruit-pakket-570745STK", "retailSet": true, "prices": {"price": 689, "promoPrice": null, "pricePerUnit": {"price": null, "unit": null, "__typename": "PricePerUnit"}, "__typename": "Price"}, "quantityDetails": {"maxAmount": 99, "minAmount": 1, "stepAmount": 1, "defaultAmount": 1, "__typename": "Quantity"}, "primaryBadge": [], "secondaryBadges": [], "badgeDescription": null, "customerAllergies": {"short": "", "__typename": "CustomerAllergies"}, "promotions": [], "surcharges": [], "__typename": "Product", "crossSells": [], "retailSetProducts": [{"id": "532148ZK", "brand": "Dole\u00ae", "category": "Aardappelen, groente en fruit", "subtitle": null, "title": "Dole Bananen 5 Stuks", "image": "https://retrieval.dam-lite.prod.aws.jumbo.com/fit-in/360x360/Products/18092023_1695061234816_1695061241222_8718452709458_1.png", "inAssortment": true, "availability": {"availability": "AVAILABLE", "isAvailable": true, "label": null, "stockLimit": null, "__typename": "ProductAvailability"}, "sponsored": null, "auctionId": null, "link": "/producten/dole-bananen-5-stuks-532148ZK", "retailSet": false, "prices": {"price": 189, "promoPrice": null, "pricePerUnit": {"price": 189, "unit": "pieces", "__typename": "PricePerUnit"}, "__typename": "Price"}, "quantityDetails": {"maxAmount": 99, "minAmount": 1, "stepAmount": 1, "defaultAmount": 1, "__typename": "Quantity"}, "primaryBadge": [], "secondaryBadges": [], "badgeDescription": null, "customerAllergies": {"short": "", "__typename": "CustomerAllergies"}, "promotions": [], "surcharges": [], "__typename": "Product"}, {"id": "376677STK", "brand": "Jumbo", "category": "Aardappelen, groente en fruit", "subtitle": "1 KILO", "title": "Jumbo Conference 1kg", "image": "https://retrieval.dam-lite.prod.aws.jumbo.com/fit-in/360x360/Products/09082023_1691586974866_1691586985642_8718452490479_1.png", "inAssortment": true, "availability": {"availability": "AVAILABLE", "isAvailable": true, "label": null, "stockLimit": null, "__typename": "ProductAvailability"}, "sponsored": null, "auctionId": null, "link": "/producten/jumbo-conference-1kg-376677STK", "retailSet": false, "prices": {"price": 251, "promoPrice": null, "pricePerUnit": {"price": 251, "unit": "kg", "__typename": "PricePerUnit"}, "__typename": "Price"}, "quantityDetails": {"maxAmount": 99, "minAmount": 1, "stepAmount": 1, "defaultAmount": 1, "__typename": "Quantity"}, "primaryBadge": [], "secondaryBadges": [{"alt": "NIEUW", "image": "/INTERSHOP/static/WFS/Jumbo-Site/Grocery/Jumbo-Grocery/nl_NL/PIMProductBadge/nieuw.png", "__typename": "Badge"}, {"alt": "Van dichtbij", "image": "/INTERSHOP/static/WFS/Jumbo-Site/Grocery/Jumbo-Grocery/nl_NL/PIMProductBadge/van-dichtbij.png", "__typename": "Badge"}], "badgeDescription": null, "customerAllergies": {"short": "", "__typename": "CustomerAllergies"}, "promotions": [], "surcharges": [], "__typename": "Product"}, {"id": "409779ZK", "brand": "Tessa", "category": "Aardappelen, groente en fruit", "subtitle": "1000 g", "title": "Tessa Appels 1KG", "image": "https://retrieval.dam-lite.prod.aws.jumbo.com/fit-in/360x360/Products/20102023_1697801882701_1697801887846_8713893186424_1.png", "inAssortment": true, "availability": {"availability": "AVAILABLE", "isAvailable": true, "label": null, "stockLimit": null, "__typename": "ProductAvailability"}, "sponsored": null, "auctionId": null, "link": "/producten/tessa-appels-1kg-409779ZK", "retailSet": false, "prices": {"price": 249, "promoPrice": 149, "pricePerUnit": {"price": 249, "unit": "kg", "__typename": "PricePerUnit"}, "__typename": "Price"}, "quantityDetails": {"maxAmount": 99, "minAmount": 1, "stepAmount": 1, "defaultAmount": 1, "__typename": "Quantity"}, "primaryBadge": [], "secondaryBadges": [{"alt": "Van dichtbij", "image": "/INTERSHOP/static/WFS/Jumbo-Site/Grocery/Jumbo-Grocery/nl_NL/PIMProductBadge/van-dichtbij.png", "__typename": "Badge"}], "badgeDescription": null, "customerAllergies": {"short": "", "__typename": "CustomerAllergies"}, "promotions": [{"id": "3926002-A-1", "group": "Week", "isKiesAndMix": false, "image": "/INTERSHOP/static/WFS/Jumbo-Grocery-Site/-/Jumbo-Grocery/nl_NL/Images_Aanbiedingen/2023/Weekaanbiedingen/Week%2043/Tessa%20appels.png", "tags": [{"text": "1 voor \u20ac 1,49", "inverse": false, "__typename": "PromotionTag"}], "start": {"dayShort": "wo", "date": 25, "monthShort": "okt", "__typename": "PromotionDateTime"}, "end": {"dayShort": "di", "date": 14, "monthShort": "nov", "__typename": "PromotionDateTime"}, "attachments": [{"type": "PromotionGroup-Badge", "path": "/INTERSHOP/web/WFS/Jumbo-Grocery-Site/nl_NL/-/EUR/ViewPromotionAttachment-OpenFile?unitName=Jumbo&LocaleId=nl_NL&DirectoryPath=PromotionBadges&FileName=Week.svg", "__typename": "PromotionAttachment"}], "primaryBadge": [{"alt": "PromotionGroup-Badge", "image": "/INTERSHOP/web/WFS/Jumbo-Grocery-Site/nl_NL/-/EUR/ViewPromotionAttachment-OpenFile?unitName=Jumbo&LocaleId=nl_NL&DirectoryPath=PromotionBadges&FileName=Week.svg", "__typename": "PromotionBadge"}], "__typename": "Promotion"}], "surcharges": [], "__typename": "Product"}]}, {"id": "163270STK", "brand": "JUMBO", "category": "Aardappelen, groente en fruit", "subtitle": "500 g", "title": "Jumbo Biologische Koolraap 500g", "image": "https://retrieval.dam-lite.prod.aws.jumbo.com/fit-in/360x360/Products/28092023_1695921059377_1695921066779_8718452611638_1.png", "inAssortment": true, "availability": {"availability": "AVAILABLE", "isAvailable": true, "label": null, "stockLimit": null, "__typename": "ProductAvailability"}, "sponsored": false, "auctionId": null, "link": "/producten/jumbo-biologische-koolraap-500g-163270STK", "retailSet": false, "prices": {"price": 179, "promoPrice": null, "pricePerUnit": {"price": 179, "unit": "pieces", "__typename": "PricePerUnit"}, "__typename": "Price"}, "quantityDetails": {"maxAmount": 99, "minAmount": 1, "stepAmount": 1, "defaultAmount": 1, "__typename": "Quantity"}, "primaryBadge": [], "secondaryBadges": [{"alt": "Van dichtbij", "image": "/INTERSHOP/static/WFS/Jumbo-Site/Grocery/Jumbo-Grocery/nl_NL/PIMProductBadge/van-dichtbij.png", "__typename": "Badge"}, {"alt": "THT logo", "image": "/INTERSHOP/static/WFS/Jumbo-Site/Grocery/Jumbo-Grocery/nl_NL/PIMProductBadge/tht-2+.png", "__typename": "Badge"}], "badgeDescription": "2+ dagen houdbaar", "customerAllergies": {"short": "", "__typename": "CustomerAllergies"}, "promotions": [], "surcharges": [], "__typename": "Product", "crossSells": [], "retailSetProducts": []}, {"id": "444814STK", "brand": "Jumbo", "category": "Aardappelen, groente en fruit", "subtitle": null, "title": "Hollandse Aardbeien & Frambozen", "image": "https://jumbo.com/dam-images/fit-in/360x360/Products/444814STK1158d9751d-d9b7-4db3-bd9b-ded27b9ebb05-1699278572999.png", "inAssortment": true, "availability": {"availability": "AVAILABLE", "isAvailable": true, "label": null, "stockLimit": null, "__typename": "ProductAvailability"}, "sponsored": false, "auctionId": null, "link": "/producten/hollandse-aardbeien-frambozen-444814STK", "retailSet": true, "prices": {"price": 558, "promoPrice": null, "pricePerUnit": {"price": null, "unit": null, "__typename": "PricePerUnit"}, "__typename": "Price"}, "quantityDetails": {"maxAmount": 99, "minAmount": 1, "stepAmount": 1, "defaultAmount": 1, "__typename": "Quantity"}, "primaryBadge": [], "secondaryBadges": [], "badgeDescription": null, "customerAllergies": {"short": "", "__typename": "CustomerAllergies"}, "promotions": [], "surcharges": [], "__typename": "Product", "crossSells": [], "retailSetProducts": [{"id": "579479DS", "brand": "Jumbo", "category": "Aardappelen, groente en fruit", "subtitle": "125 G", "title": "Jumbo Frambozen 125g", "image": "https://retrieval.dam-lite.prod.aws.jumbo.com/fit-in/360x360/Products/29092023_1695995627279_1695995637720_8711715881946_1.png", "inAssortment": true, "availability": {"availability": "AVAILABLE", "isAvailable": true, "label": null, "stockLimit": null, "__typename": "ProductAvailability"}, "sponsored": null, "auctionId": null, "link": "/producten/jumbo-frambozen-125g-579479DS", "retailSet": false, "prices": {"price": 279, "promoPrice": null, "pricePerUnit": {"price": 2232, "unit": "kg", "__typename": "PricePerUnit"}, "__typename": "Price"}, "quantityDetails": {"maxAmount": 99, "minAmount": 1, "stepAmount": 1, "defaultAmount": 1, "__typename": "Quantity"}, "primaryBadge": [], "secondaryBadges": [{"alt": "NIEUW", "image": "/INTERSHOP/static/WFS/Jumbo-Site/Grocery/Jumbo-Grocery/nl_NL/PIMProductBadge/nieuw.png", "__typename": "Badge"}, {"alt": "Van dichtbij", "image": "/INTERSHOP/static/WFS/Jumbo-Site/Grocery/Jumbo-Grocery/nl_NL/PIMProductBadge/van-dichtbij.png", "__typename": "Badge"}], "badgeDescription": null, "customerAllergies": {"short": "", "__typename": "CustomerAllergies"}, "promotions": [{"id": "3798024-C-1", "group": "Seizoen", "isKiesAndMix": true, "image": "/INTERSHOP/static/WFS/Jumbo-Grocery-Site/-/Jumbo-Grocery/nl_NL/Images_Aanbiedingen/2023/Seizoensaanbiedingen/SA12/Kies%20en%20Mix%20Fruit_280px.png", "tags": [{"text": "2 voor \u20ac 4,00", "inverse": false, "__typename": "PromotionTag"}], "start": {"dayShort": "wo", "date": 8, "monthShort": "nov", "__typename": "PromotionDateTime"}, "end": {"dayShort": "di", "date": 5, "monthShort": "dec", "__typename": "PromotionDateTime"}, "attachments": [{"type": "CustomBadge", "path": "/INTERSHOP/web/WFS/Jumbo-Grocery-Site/nl_NL/-/EUR/ViewPromotionAttachment-OpenFile?LocaleId=nl_NL&DirectoryPath=0003-Kies%26Mix&FileName=Kies_mix_nieuw.png&UnitName=Jumbo-Grocery", "__typename": "PromotionAttachment"}, {"type": "PromotionGroup-Badge", "path": "/INTERSHOP/web/WFS/Jumbo-Grocery-Site/nl_NL/-/EUR/ViewPromotionAttachment-OpenFile?unitName=Jumbo&LocaleId=nl_NL&DirectoryPath=PromotionBadges&FileName=Seizoen.svg", "__typename": "PromotionAttachment"}], "primaryBadge": [{"alt": "CustomBadge", "image": "/INTERSHOP/web/WFS/Jumbo-Grocery-Site/nl_NL/-/EUR/ViewPromotionAttachment-OpenFile?LocaleId=nl_NL&DirectoryPath=0003-Kies%26Mix&FileName=Kies_mix_nieuw.png&UnitName=Jumbo-Grocery", "__typename": "PromotionBadge"}, {"alt": "PromotionGroup-Badge", "image": "/INTERSHOP/web/WFS/Jumbo-Grocery-Site/nl_NL/-/EUR/ViewPromotionAttachment-OpenFile?unitName=Jumbo&LocaleId=nl_NL&DirectoryPath=PromotionBadges&FileName=Seizoen.svg", "__typename": "PromotionBadge"}], "__typename": "Promotion"}], "surcharges": [], "__typename": "Product"}, {"id": "526687BAK", "brand": null, "category": "Aardappelen, groente en fruit", "subtitle": "320 g", "title": "Jumbo Aardbeien 320g", "image": "https://static-images.jumbo.com/product_images/221120221552_526687BAK-1_360x360_2.png", "inAssortment": true, "availability": {"availability": "AVAILABLE", "isAvailable": true, "label": null, "stockLimit": null, "__typename": "ProductAvailability"}, "sponsored": null, "auctionId": null, "link": "/producten/jumbo-aardbeien-320g-526687BAK", "retailSet": false, "prices": {"price": 279, "promoPrice": null, "pricePerUnit": {"price": 872, "unit": "kg", "__typename": "PricePerUnit"}, "__typename": "Price"}, "quantityDetails": {"maxAmount": 99, "minAmount": 1, "stepAmount": 1, "defaultAmount": 1, "__typename": "Quantity"}, "primaryBadge": [], "secondaryBadges": [], "badgeDescription": null, "customerAllergies": {"short": "", "__typename": "CustomerAllergies"}, "promotions": [], "surcharges": [], "__typename": "Product"}]}, {"id": "441732STK", "brand": "Jumbo", "category": "Aardappelen, groente en fruit", "subtitle": null, "title": "Tessa Appels en Handsinaasappelen", "image": "https://retrieval.dam-lite.prod.aws.jumbo.com/fit-in/360x360/Products/441732STK272b1040-99dc-4d3f-99de-2255e822d7db-1698236958438.png", "inAssortment": true, "availability": {"availability": "AVAILABLE", "isAvailable": true, "label": null, "stockLimit": null, "__typename": "ProductAvailability"}, "sponsored": false, "auctionId": null, "link": "/producten/tessa-appels-en-handsinaasappelen-441732STK", "retailSet": true, "prices": {"price": 578, "promoPrice": null, "pricePerUnit": {"price": null, "unit": null, "__typename": "PricePerUnit"}, "__typename": "Price"}, "quantityDetails": {"maxAmount": 99, "minAmount": 1, "stepAmount": 1, "defaultAmount": 1, "__typename": "Quantity"}, "primaryBadge": [], "secondaryBadges": [], "badgeDescription": null, "customerAllergies": {"short": "", "__typename": "CustomerAllergies"}, "promotions": [], "surcharges": [], "__typename": "Product", "crossSells": [], "retailSetProducts": [{"id": "409779ZK", "brand": "Tessa", "category": "Aardappelen, groente en fruit", "subtitle": "1000 g", "title": "Tessa Appels 1KG", "image": "https://retrieval.dam-lite.prod.aws.jumbo.com/fit-in/360x360/Products/20102023_1697801882701_1697801887846_8713893186424_1.png", "inAssortment": true, "availability": {"availability": "AVAILABLE", "isAvailable": true, "label": null, "stockLimit": null, "__typename": "ProductAvailability"}, "sponsored": null, "auctionId": null, "link": "/producten/tessa-appels-1kg-409779ZK", "retailSet": false, "prices": {"price": 249, "promoPrice": 149, "pricePerUnit": {"price": 249, "unit": "kg", "__typename": "PricePerUnit"}, "__typename": "Price"}, "quantityDetails": {"maxAmount": 99, "minAmount": 1, "stepAmount": 1, "defaultAmount": 1, "__typename": "Quantity"}, "primaryBadge": [], "secondaryBadges": [{"alt": "Van dichtbij", "image": "/INTERSHOP/static/WFS/Jumbo-Site/Grocery/Jumbo-Grocery/nl_NL/PIMProductBadge/van-dichtbij.png", "__typename": "Badge"}], "badgeDescription": null, "customerAllergies": {"short": "", "__typename": "CustomerAllergies"}, "promotions": [{"id": "3926002-A-1", "group": "Week", "isKiesAndMix": false, "image": "/INTERSHOP/static/WFS/Jumbo-Grocery-Site/-/Jumbo-Grocery/nl_NL/Images_Aanbiedingen/2023/Weekaanbiedingen/Week%2043/Tessa%20appels.png", "tags": [{"text": "1 voor \u20ac 1,49", "inverse": false, "__typename": "PromotionTag"}], "start": {"dayShort": "wo", "date": 25, "monthShort": "okt", "__typename": "PromotionDateTime"}, "end": {"dayShort": "di", "date": 14, "monthShort": "nov", "__typename": "PromotionDateTime"}, "attachments": [{"type": "PromotionGroup-Badge", "path": "/INTERSHOP/web/WFS/Jumbo-Grocery-Site/nl_NL/-/EUR/ViewPromotionAttachment-OpenFile?unitName=Jumbo&LocaleId=nl_NL&DirectoryPath=PromotionBadges&FileName=Week.svg", "__typename": "PromotionAttachment"}], "primaryBadge": [{"alt": "PromotionGroup-Badge", "image": "/INTERSHOP/web/WFS/Jumbo-Grocery-Site/nl_NL/-/EUR/ViewPromotionAttachment-OpenFile?unitName=Jumbo&LocaleId=nl_NL&DirectoryPath=PromotionBadges&FileName=Week.svg", "__typename": "PromotionBadge"}], "__typename": "Promotion"}], "surcharges": [], "__typename": "Product"}, {"id": "40589NET", "brand": "Jumbo", "category": "Aardappelen, groente en fruit", "subtitle": "2 KG", "title": "Jumbo Handsinaasappelen 2kg", "image": "https://retrieval.dam-lite.prod.aws.jumbo.com/fit-in/360x360/Products/10082023_1691674955009_1691674996952_8711715881854_1.png", "inAssortment": true, "availability": {"availability": "AVAILABLE", "isAvailable": true, "label": null, "stockLimit": null, "__typename": "ProductAvailability"}, "sponsored": null, "auctionId": null, "link": "/producten/jumbo-handsinaasappelen-2kg-40589NET", "retailSet": false, "prices": {"price": 329, "promoPrice": null, "pricePerUnit": {"price": 165, "unit": "kg", "__typename": "PricePerUnit"}, "__typename": "Price"}, "quantityDetails": {"maxAmount": 99, "minAmount": 1, "stepAmount": 1, "defaultAmount": 1, "__typename": "Quantity"}, "primaryBadge": [], "secondaryBadges": [], "badgeDescription": null, "customerAllergies": {"short": "", "__typename": "CustomerAllergies"}, "promotions": [], "surcharges": [], "__typename": "Product"}]}, {"id": "420535PAK", "brand": "CoolBest\u00ae", "category": "Aardappelen, groente en fruit", "subtitle": "1 LITER", "title": "CoolBest Premium Pineapple 1L", "image": "https://retrieval.dam-lite.prod.aws.jumbo.com/fit-in/360x360/Products/08092023_1694180103948_1694180110045_8720157463924_1.png", "inAssortment": true, "availability": {"availability": "AVAILABLE", "isAvailable": true, "label": null, "stockLimit": null, "__typename": "ProductAvailability"}, "sponsored": false, "auctionId": null, "link": "/producten/coolbest-premium-pineapple-1l-420535PAK", "retailSet": false, "prices": {"price": 256, "promoPrice": null, "pricePerUnit": {"price": 256, "unit": "l", "__typename": "PricePerUnit"}, "__typename": "Price"}, "quantityDetails": {"maxAmount": 99, "minAmount": 1, "stepAmount": 1, "defaultAmount": 1, "__typename": "Quantity"}, "primaryBadge": [], "secondaryBadges": [{"alt": "THT logo", "image": "/INTERSHOP/static/WFS/Jumbo-Site/Grocery/Jumbo-Grocery/nl_NL/PIMProductBadge/tht-10+.png", "__typename": "Badge"}], "badgeDescription": "10+ dagen houdbaar", "customerAllergies": {"short": "", "__typename": "CustomerAllergies"}, "promotions": [], "surcharges": [], "__typename": "Product", "crossSells": [], "retailSetProducts": []}, {"id": "585790FLS", "brand": "JUMBO", "category": "Aardappelen, groente en fruit", "subtitle": "250 ML", "title": "Jumbo Smoothie Appel-Avocado-Kokos 250ml", "image": "", "inAssortment": true, "availability": {"availability": "AVAILABLE", "isAvailable": true, "label": null, "stockLimit": null, "__typename": "ProductAvailability"}, "sponsored": false, "auctionId": null, "link": "/producten/jumbo-smoothie-appel-avocado-kokos-250ml-585790FLS", "retailSet": false, "prices": {"price": 189, "promoPrice": null, "pricePerUnit": {"price": 756, "unit": "l", "__typename": "PricePerUnit"}, "__typename": "Price"}, "quantityDetails": {"maxAmount": 99, "minAmount": 1, "stepAmount": 1, "defaultAmount": 1, "__typename": "Quantity"}, "primaryBadge": [], "secondaryBadges": [{"alt": "THT logo", "image": "/INTERSHOP/static/WFS/Jumbo-Site/Grocery/Jumbo-Grocery/nl_NL/PIMProductBadge/tht-10+.png", "__typename": "Badge"}], "badgeDescription": "10+ dagen houdbaar", "customerAllergies": {"short": "", "__typename": "CustomerAllergies"}, "promotions": [], "surcharges": [], "__typename": "Product", "crossSells": [], "retailSetProducts": []}, {"id": "526687BAK", "brand": null, "category": "Aardappelen, groente en fruit", "subtitle": "320 g", "title": "Jumbo Aardbeien 320g", "image": "https://static-images.jumbo.com/product_images/221120221552_526687BAK-1_360x360_2.png", "inAssortment": true, "availability": {"availability": "AVAILABLE", "isAvailable": true, "label": null, "stockLimit": null, "__typename": "ProductAvailability"}, "sponsored": false, "auctionId": null, "link": "/producten/jumbo-aardbeien-320g-526687BAK", "retailSet": false, "prices": {"price": 279, "promoPrice": null, "pricePerUnit": {"price": 872, "unit": "kg", "__typename": "PricePerUnit"}, "__typename": "Price"}, "quantityDetails": {"maxAmount": 99, "minAmount": 1, "stepAmount": 1, "defaultAmount": 1, "__typename": "Quantity"}, "primaryBadge": [], "secondaryBadges": [{"alt": "Van dichtbij", "image": "/INTERSHOP/static/WFS/Jumbo-Site/Grocery/Jumbo-Grocery/nl_NL/PIMProductBadge/van-dichtbij.png", "__typename": "Badge"}], "badgeDescription": null, "customerAllergies": {"short": "", "__typename": "CustomerAllergies"}, "promotions": [], "surcharges": [], "__typename": "Product", "crossSells": [], "retailSetProducts": []}, {"id": "585733FLS", "brand": "innocent\u2122", "category": "Frisdrank en sappen", "subtitle": "750 ml", "title": "innocent Inner Winner 750ml", "image": "https://retrieval.dam-lite.prod.aws.jumbo.com/fit-in/360x360/Products/04102023_1696408502675_1696408507878_5038862432290_1.png", "inAssortment": true, "availability": {"availability": "AVAILABLE", "isAvailable": true, "label": null, "stockLimit": null, "__typename": "ProductAvailability"}, "sponsored": false, "auctionId": null, "link": "/producten/innocent-inner-winner-750ml-585733FLS", "retailSet": false, "prices": {"price": 335, "promoPrice": null, "pricePerUnit": {"price": 447, "unit": "l", "__typename": "PricePerUnit"}, "__typename": "Price"}, "quantityDetails": {"maxAmount": 99, "minAmount": 1, "stepAmount": 1, "defaultAmount": 1, "__typename": "Quantity"}, "primaryBadge": [], "secondaryBadges": [{"alt": "THT logo", "image": "/INTERSHOP/static/WFS/Jumbo-Site/Grocery/Jumbo-Grocery/nl_NL/PIMProductBadge/tht-8+.png", "__typename": "Badge"}], "badgeDescription": "8+ dagen houdbaar", "customerAllergies": {"short": "", "__typename": "CustomerAllergies"}, "promotions": [], "surcharges": [], "__typename": "Product", "crossSells": [], "retailSetProducts": []}, {"id": "585777FLS", "brand": "JUMBO", "category": "Aardappelen, groente en fruit", "subtitle": "250 ml", "title": "Jumbo Granaatappelsap 250ML", "image": "https://retrieval.dam-lite.prod.aws.jumbo.com/fit-in/360x360/Products/16102023_1697470688761_1697470697708_8718452788910_1.png", "inAssortment": true, "availability": {"availability": "AVAILABLE", "isAvailable": true, "label": null, "stockLimit": null, "__typename": "ProductAvailability"}, "sponsored": false, "auctionId": null, "link": "/producten/jumbo-granaatappelsap-250ml-585777FLS", "retailSet": false, "prices": {"price": 189, "promoPrice": null, "pricePerUnit": {"price": 756, "unit": "l", "__typename": "PricePerUnit"}, "__typename": "Price"}, "quantityDetails": {"maxAmount": 99, "minAmount": 1, "stepAmount": 1, "defaultAmount": 1, "__typename": "Quantity"}, "primaryBadge": [], "secondaryBadges": [{"alt": "THT logo", "image": "/INTERSHOP/static/WFS/Jumbo-Site/Grocery/Jumbo-Grocery/nl_NL/PIMProductBadge/tht-10+.png", "__typename": "Badge"}], "badgeDescription": "10+ dagen houdbaar", "customerAllergies": {"short": "", "__typename": "CustomerAllergies"}, "promotions": [], "surcharges": [], "__typename": "Product", "crossSells": [], "retailSetProducts": []}, {"id": "585951FLS", "brand": "innocent\u00ae", "category": "Aardappelen, groente en fruit", "subtitle": "80 ml", "title": "Innocent Immunity Shot Ginger 80ml", "image": "https://retrieval.dam-lite.prod.aws.jumbo.com/fit-in/360x360/Products/28092023_1695921862150_1695921866060_96203446_1.png", "inAssortment": true, "availability": {"availability": "AVAILABLE", "isAvailable": true, "label": null, "stockLimit": null, "__typename": "ProductAvailability"}, "sponsored": false, "auctionId": null, "link": "/producten/innocent-immunity-shot-ginger-80ml-585951FLS", "retailSet": false, "prices": {"price": 225, "promoPrice": null, "pricePerUnit": {"price": 2813, "unit": "l", "__typename": "PricePerUnit"}, "__typename": "Price"}, "quantityDetails": {"maxAmount": 99, "minAmount": 1, "stepAmount": 1, "defaultAmount": 1, "__typename": "Quantity"}, "primaryBadge": [], "secondaryBadges": [{"alt": "THT logo", "image": "/INTERSHOP/static/WFS/Jumbo-Site/Grocery/Jumbo-Grocery/nl_NL/PIMProductBadge/tht-8+.png", "__typename": "Badge"}], "badgeDescription": "8+ dagen houdbaar", "customerAllergies": {"short": "", "__typename": "CustomerAllergies"}, "promotions": [], "surcharges": [], "__typename": "Product", "crossSells": [], "retailSetProducts": []}, {"id": "585937FLS", "brand": null, "category": "Aardappelen, groente en fruit", "subtitle": "60 ML", "title": "Jumbo Shot Appel Gember Cayenne 60ml", "image": "https://retrieval.dam-lite.prod.aws.jumbo.com/fit-in/360x360/Products/07112023_1699382047880_1699382057914_8718452753314_1.png", "inAssortment": true, "availability": {"availability": "AVAILABLE", "isAvailable": true, "label": null, "stockLimit": null, "__typename": "ProductAvailability"}, "sponsored": false, "auctionId": null, "link": "/producten/jumbo-shot-appel-gember-cayenne-60ml-585937FLS", "retailSet": false, "prices": {"price": 199, "promoPrice": null, "pricePerUnit": {"price": 3317, "unit": "l", "__typename": "PricePerUnit"}, "__typename": "Price"}, "quantityDetails": {"maxAmount": 99, "minAmount": 1, "stepAmount": 1, "defaultAmount": 1, "__typename": "Quantity"}, "primaryBadge": [], "secondaryBadges": [{"alt": "THT logo", "image": "/INTERSHOP/static/WFS/Jumbo-Site/Grocery/Jumbo-Grocery/nl_NL/PIMProductBadge/tht-10+.png", "__typename": "Badge"}], "badgeDescription": "10+ dagen houdbaar", "customerAllergies": {"short": "", "__typename": "CustomerAllergies"}, "promotions": [], "surcharges": [], "__typename": "Product", "crossSells": [], "retailSetProducts": []}, {"id": "530132BKR", "brand": "JUMBO", "category": "Aardappelen, groente en fruit", "subtitle": "450 g", "title": "Jumbo Broccoli Pureersoep 450g", "image": "https://retrieval.dam-lite.prod.aws.jumbo.com/fit-in/360x360/Products/02112023_1698946504928_1698946515172_8718452764808_1.png", "inAssortment": true, "availability": {"availability": "AVAILABLE", "isAvailable": true, "label": null, "stockLimit": null, "__typename": "ProductAvailability"}, "sponsored": false, "auctionId": null, "link": "/producten/jumbo-broccoli-pureersoep-450g-530132BKR", "retailSet": false, "prices": {"price": 365, "promoPrice": null, "pricePerUnit": {"price": 811, "unit": "kg", "__typename": "PricePerUnit"}, "__typename": "Price"}, "quantityDetails": {"maxAmount": 99, "minAmount": 1, "stepAmount": 1, "defaultAmount": 1, "__typename": "Quantity"}, "primaryBadge": [], "secondaryBadges": [{"alt": "THT logo", "image": "/INTERSHOP/static/WFS/Jumbo-Site/Grocery/Jumbo-Grocery/nl_NL/PIMProductBadge/tht-1+.png", "__typename": "Badge"}], "badgeDescription": "1+ dagen houdbaar", "customerAllergies": {"short": "", "__typename": "CustomerAllergies"}, "promotions": [], "surcharges": [], "__typename": "Product", "crossSells": [], "retailSetProducts": []}, {"id": "585778FLS", "brand": "JUMBO", "category": "Frisdrank en sappen", "subtitle": "60 ML", "title": "Jumbo Vitamine C Shot 60ml", "image": "https://retrieval.dam-lite.prod.aws.jumbo.com/fit-in/360x360/Products/07112023_1699382047852_1699382066048_8718452753321_1.png", "inAssortment": true, "availability": {"availability": "AVAILABLE", "isAvailable": true, "label": null, "stockLimit": null, "__typename": "ProductAvailability"}, "sponsored": false, "auctionId": null, "link": "/producten/jumbo-vitamine-c-shot-60ml-585778FLS", "retailSet": false, "prices": {"price": 219, "promoPrice": null, "pricePerUnit": {"price": 3650, "unit": "l", "__typename": "PricePerUnit"}, "__typename": "Price"}, "quantityDetails": {"maxAmount": 99, "minAmount": 1, "stepAmount": 1, "defaultAmount": 1, "__typename": "Quantity"}, "primaryBadge": [], "secondaryBadges": [{"alt": "THT logo", "image": "/INTERSHOP/static/WFS/Jumbo-Site/Grocery/Jumbo-Grocery/nl_NL/PIMProductBadge/tht-10+.png", "__typename": "Badge"}], "badgeDescription": "10+ dagen houdbaar", "customerAllergies": {"short": "", "__typename": "CustomerAllergies"}, "promotions": [], "surcharges": [], "__typename": "Product", "crossSells": [], "retailSetProducts": []}, {"id": "585936FLS", "brand": "JUMBO", "category": "Aardappelen, groente en fruit", "subtitle": "250 ml", "title": "Jumbo Smoothie Mango Passievrucht 250ML", "image": "https://retrieval.dam-lite.prod.aws.jumbo.com/fit-in/360x360/Products/16102023_1697470688779_1697470697584_8718452788927_1.png", "inAssortment": true, "availability": {"availability": "AVAILABLE", "isAvailable": true, "label": null, "stockLimit": null, "__typename": "ProductAvailability"}, "sponsored": false, "auctionId": null, "link": "/producten/jumbo-smoothie-mango-passievrucht-250ml-585936FLS", "retailSet": false, "prices": {"price": 189, "promoPrice": null, "pricePerUnit": {"price": 756, "unit": "l", "__typename": "PricePerUnit"}, "__typename": "Price"}, "quantityDetails": {"maxAmount": 99, "minAmount": 1, "stepAmount": 1, "defaultAmount": 1, "__typename": "Quantity"}, "primaryBadge": [], "secondaryBadges": [{"alt": "THT logo", "image": "/INTERSHOP/static/WFS/Jumbo-Site/Grocery/Jumbo-Grocery/nl_NL/PIMProductBadge/tht-10+.png", "__typename": "Badge"}], "badgeDescription": "10+ dagen houdbaar", "customerAllergies": {"short": "", "__typename": "CustomerAllergies"}, "promotions": [], "surcharges": [], "__typename": "Product", "crossSells": [], "retailSetProducts": []}, {"id": "585735FLS", "brand": "JUMBO", "category": "Aardappelen, groente en fruit", "subtitle": "60 ML", "title": "Jumbo Shot Appel-Gember-Citroen 60ml", "image": "https://retrieval.dam-lite.prod.aws.jumbo.com/fit-in/360x360/Products/07112023_1699382047693_1699382056766_8718452753307_1.png", "inAssortment": true, "availability": {"availability": "AVAILABLE", "isAvailable": true, "label": null, "stockLimit": null, "__typename": "ProductAvailability"}, "sponsored": false, "auctionId": null, "link": "/producten/jumbo-shot-appel-gember-citroen-60ml-585735FLS", "retailSet": false, "prices": {"price": 199, "promoPrice": null, "pricePerUnit": {"price": 3317, "unit": "l", "__typename": "PricePerUnit"}, "__typename": "Price"}, "quantityDetails": {"maxAmount": 99, "minAmount": 1, "stepAmount": 1, "defaultAmount": 1, "__typename": "Quantity"}, "primaryBadge": [], "secondaryBadges": [{"alt": "THT logo", "image": "/INTERSHOP/static/WFS/Jumbo-Site/Grocery/Jumbo-Grocery/nl_NL/PIMProductBadge/tht-10+.png", "__typename": "Badge"}], "badgeDescription": "10+ dagen houdbaar", "customerAllergies": {"short": "", "__typename": "CustomerAllergies"}, "promotions": [], "surcharges": [], "__typename": "Product", "crossSells": [], "retailSetProducts": []}, {"id": "585939FLS", "brand": "innocent\u00ae", "category": "Aardappelen, groente en fruit", "subtitle": "80 ml", "title": "Innocent Immunity Shot Ginger & Turmeric 80ml", "image": "https://retrieval.dam-lite.prod.aws.jumbo.com/fit-in/360x360/Products/28092023_1695921862102_1695921865486_96203439_1.png", "inAssortment": true, "availability": {"availability": "AVAILABLE", "isAvailable": true, "label": null, "stockLimit": null, "__typename": "ProductAvailability"}, "sponsored": false, "auctionId": null, "link": "/producten/innocent-immunity-shot-ginger-turmeric-80ml-585939FLS", "retailSet": false, "prices": {"price": 225, "promoPrice": null, "pricePerUnit": {"price": 2813, "unit": "l", "__typename": "PricePerUnit"}, "__typename": "Price"}, "quantityDetails": {"maxAmount": 99, "minAmount": 1, "stepAmount": 1, "defaultAmount": 1, "__typename": "Quantity"}, "primaryBadge": [], "secondaryBadges": [{"alt": "THT logo", "image": "/INTERSHOP/static/WFS/Jumbo-Site/Grocery/Jumbo-Grocery/nl_NL/PIMProductBadge/tht-8+.png", "__typename": "Badge"}], "badgeDescription": "8+ dagen houdbaar", "customerAllergies": {"short": "", "__typename": "CustomerAllergies"}, "promotions": [], "surcharges": [], "__typename": "Product", "crossSells": [], "retailSetProducts": []}, {"id": "585791FLS", "brand": "JUMBO", "category": "Aardappelen, groente en fruit", "subtitle": "500 ML", "title": "Jumbo Smoothie Appel-Avocado-Kokos 500ml", "image": "", "inAssortment": true, "availability": {"availability": "AVAILABLE", "isAvailable": true, "label": null, "stockLimit": null, "__typename": "ProductAvailability"}, "sponsored": false, "auctionId": null, "link": "/producten/jumbo-smoothie-appel-avocado-kokos-500ml-585791FLS", "retailSet": false, "prices": {"price": 247, "promoPrice": null, "pricePerUnit": {"price": 494, "unit": "l", "__typename": "PricePerUnit"}, "__typename": "Price"}, "quantityDetails": {"maxAmount": 99, "minAmount": 1, "stepAmount": 1, "defaultAmount": 1, "__typename": "Quantity"}, "primaryBadge": [], "secondaryBadges": [{"alt": "THT logo", "image": "/INTERSHOP/static/WFS/Jumbo-Site/Grocery/Jumbo-Grocery/nl_NL/PIMProductBadge/tht-10+.png", "__typename": "Badge"}], "badgeDescription": "10+ dagen houdbaar", "customerAllergies": {"short": "", "__typename": "CustomerAllergies"}, "promotions": [], "surcharges": [], "__typename": "Product", "crossSells": [], "retailSetProducts": []}, {"id": "567981STK", "brand": "Jumbo", "category": "Aardappelen, groente en fruit", "subtitle": null, "title": "Jumbo Verse Ontbijt Dranken", "image": "https://retrieval.dam-lite.prod.aws.jumbo.com/fit-in/360x360/Products/567981_20222482_1_T1_567981STK1691076812067.png", "inAssortment": true, "availability": {"availability": "AVAILABLE", "isAvailable": true, "label": null, "stockLimit": null, "__typename": "ProductAvailability"}, "sponsored": false, "auctionId": null, "link": "/producten/jumbo-verse-ontbijt-dranken-567981STK", "retailSet": true, "prices": {"price": 587, "promoPrice": null, "pricePerUnit": {"price": null, "unit": null, "__typename": "PricePerUnit"}, "__typename": "Price"}, "quantityDetails": {"maxAmount": 99, "minAmount": 1, "stepAmount": 1, "defaultAmount": 1, "__typename": "Quantity"}, "primaryBadge": [], "secondaryBadges": [], "badgeDescription": null, "customerAllergies": {"short": "", "__typename": "CustomerAllergies"}, "promotions": [], "surcharges": [], "__typename": "Product", "crossSells": [], "retailSetProducts": [{"id": "531829FLS", "brand": "Jumbo", "category": "Frisdrank en sappen", "subtitle": "250 ml", "title": "Jumbo Vers Sap Chia, Mango, Passievrucht, Banaan & Appel 250ML", "image": "https://retrieval.dam-lite.prod.aws.jumbo.com/fit-in/360x360/Products/531829_8718452668762_1_T1_213218FLS1691078092458.png", "inAssortment": true, "availability": {"availability": "AVAILABLE", "isAvailable": true, "label": null, "stockLimit": null, "__typename": "ProductAvailability"}, "sponsored": null, "auctionId": null, "link": "/producten/jumbo-vers-sap-chia-mango-passievrucht-banaan-appel-250ml-531829FLS", "retailSet": false, "prices": {"price": 189, "promoPrice": null, "pricePerUnit": {"price": 756, "unit": "l", "__typename": "PricePerUnit"}, "__typename": "Price"}, "quantityDetails": {"maxAmount": 99, "minAmount": 1, "stepAmount": 1, "defaultAmount": 1, "__typename": "Quantity"}, "primaryBadge": [], "secondaryBadges": [{"alt": "THT logo", "image": "/INTERSHOP/static/WFS/Jumbo-Site/Grocery/Jumbo-Grocery/nl_NL/PIMProductBadge/tht-10+.png", "__typename": "Badge"}], "badgeDescription": "10+ dagen houdbaar", "customerAllergies": {"short": "", "__typename": "CustomerAllergies"}, "promotions": [], "surcharges": [], "__typename": "Product"}, {"id": "532146FLS", "brand": "JUMBO", "category": "Aardappelen, groente en fruit", "subtitle": "250 ml", "title": "Jumbo Verse Ontbijt Smoothie Haver, Mango & Kokosmelk 250ML", "image": "https://retrieval.dam-lite.prod.aws.jumbo.com/fit-in/360x360/Products/532146_8718452668885_1_T1_382894FLS1691078729196.png", "inAssortment": true, "availability": {"availability": "AVAILABLE", "isAvailable": true, "label": null, "stockLimit": null, "__typename": "ProductAvailability"}, "sponsored": null, "auctionId": null, "link": "/producten/jumbo-verse-ontbijt-smoothie-haver-mango-kokosmelk-250ml-532146FLS", "retailSet": false, "prices": {"price": 199, "promoPrice": null, "pricePerUnit": {"price": 796, "unit": "l", "__typename": "PricePerUnit"}, "__typename": "Price"}, "quantityDetails": {"maxAmount": 99, "minAmount": 1, "stepAmount": 1, "defaultAmount": 1, "__typename": "Quantity"}, "primaryBadge": [], "secondaryBadges": [{"alt": "THT logo", "image": "/INTERSHOP/static/WFS/Jumbo-Site/Grocery/Jumbo-Grocery/nl_NL/PIMProductBadge/tht-10+.png", "__typename": "Badge"}], "badgeDescription": "10+ dagen houdbaar", "customerAllergies": {"short": "", "__typename": "CustomerAllergies"}, "promotions": [], "surcharges": [], "__typename": "Product"}, {"id": "532147FLS", "brand": "JUMBO", "category": "Aardappelen, groente en fruit", "subtitle": "250 ml", "title": "Jumbo Verse Ontbijt Smoothie Haver, Yoghurt & Framboos 250ML", "image": "https://retrieval.dam-lite.prod.aws.jumbo.com/fit-in/360x360/Products/532147_8718452668892_1_T1_382895FLS1691077734297.png", "inAssortment": true, "availability": {"availability": "AVAILABLE", "isAvailable": true, "label": null, "stockLimit": null, "__typename": "ProductAvailability"}, "sponsored": null, "auctionId": null, "link": "/producten/jumbo-verse-ontbijt-smoothie-haver-yoghurt-framboos-250ml-532147FLS", "retailSet": false, "prices": {"price": 199, "promoPrice": null, "pricePerUnit": {"price": 796, "unit": "l", "__typename": "PricePerUnit"}, "__typename": "Price"}, "quantityDetails": {"maxAmount": 99, "minAmount": 1, "stepAmount": 1, "defaultAmount": 1, "__typename": "Quantity"}, "primaryBadge": [], "secondaryBadges": [{"alt": "THT logo", "image": "/INTERSHOP/static/WFS/Jumbo-Site/Grocery/Jumbo-Grocery/nl_NL/PIMProductBadge/tht-10+.png", "__typename": "Badge"}], "badgeDescription": "10+ dagen houdbaar", "customerAllergies": {"short": "", "__typename": "CustomerAllergies"}, "promotions": [], "surcharges": [], "__typename": "Product"}]}, {"id": "523341FLS", "brand": "innocent\u00a9", "category": "Aardappelen, groente en fruit", "subtitle": "300 ml", "title": "Innocent Super Smoothie Revitalise 300ml", "image": "https://retrieval.dam-lite.prod.aws.jumbo.com/fit-in/360x360/Products/09082023_1691592651717_1691592683455_5038862000871_1.png", "inAssortment": true, "availability": {"availability": "AVAILABLE", "isAvailable": true, "label": null, "stockLimit": null, "__typename": "ProductAvailability"}, "sponsored": false, "auctionId": null, "link": "/producten/innocent-super-smoothie-revitalise-300ml-523341FLS", "retailSet": false, "prices": {"price": 266, "promoPrice": null, "pricePerUnit": {"price": 887, "unit": "l", "__typename": "PricePerUnit"}, "__typename": "Price"}, "quantityDetails": {"maxAmount": 99, "minAmount": 1, "stepAmount": 1, "defaultAmount": 1, "__typename": "Quantity"}, "primaryBadge": [], "secondaryBadges": [{"alt": "THT logo", "image": "/INTERSHOP/static/WFS/Jumbo-Site/Grocery/Jumbo-Grocery/nl_NL/PIMProductBadge/tht-8+.png", "__typename": "Badge"}], "badgeDescription": "8+ dagen houdbaar", "customerAllergies": {"short": "", "__typename": "CustomerAllergies"}, "promotions": [], "surcharges": [], "__typename": "Product", "crossSells": [], "retailSetProducts": []}, {"id": "444811STK", "brand": "Jumbo", "category": "Aardappelen, groente en fruit", "subtitle": null, "title": "Hollandse Aardbeien & Galia Meloen", "image": "https://jumbo.com/dam-images/fit-in/360x360/Products/444811STK11159d5335-9817-4170-8b00-fc92e446be06-1699278568698.png", "inAssortment": true, "availability": {"availability": "AVAILABLE", "isAvailable": true, "label": null, "stockLimit": null, "__typename": "ProductAvailability"}, "sponsored": false, "auctionId": null, "link": "/producten/hollandse-aardbeien-galia-meloen-444811STK", "retailSet": true, "prices": {"price": 608, "promoPrice": null, "pricePerUnit": {"price": null, "unit": null, "__typename": "PricePerUnit"}, "__typename": "Price"}, "quantityDetails": {"maxAmount": 99, "minAmount": 1, "stepAmount": 1, "defaultAmount": 1, "__typename": "Quantity"}, "primaryBadge": [], "secondaryBadges": [], "badgeDescription": null, "customerAllergies": {"short": "", "__typename": "CustomerAllergies"}, "promotions": [], "surcharges": [], "__typename": "Product", "crossSells": [], "retailSetProducts": [{"id": "45946STK", "brand": "Jumbo", "category": "Aardappelen, groente en fruit", "subtitle": "1 stuk", "title": "Jumbo Galia Meloen", "image": "https://retrieval.dam-lite.prod.aws.jumbo.com/fit-in/360x360/Products/18092023_1695025446342_1695025457213_25003710_1.png", "inAssortment": true, "availability": {"availability": "AVAILABLE", "isAvailable": true, "label": null, "stockLimit": null, "__typename": "ProductAvailability"}, "sponsored": null, "auctionId": null, "link": "/producten/jumbo-galia-meloen-45946STK", "retailSet": false, "prices": {"price": 329, "promoPrice": null, "pricePerUnit": {"price": 329, "unit": "pieces", "__typename": "PricePerUnit"}, "__typename": "Price"}, "quantityDetails": {"maxAmount": 99, "minAmount": 1, "stepAmount": 1, "defaultAmount": 1, "__typename": "Quantity"}, "primaryBadge": [], "secondaryBadges": [], "badgeDescription": null, "customerAllergies": {"short": "", "__typename": "CustomerAllergies"}, "promotions": [], "surcharges": [], "__typename": "Product"}, {"id": "526687BAK", "brand": null, "category": "Aardappelen, groente en fruit", "subtitle": "320 g", "title": "Jumbo Aardbeien 320g", "image": "https://static-images.jumbo.com/product_images/221120221552_526687BAK-1_360x360_2.png", "inAssortment": true, "availability": {"availability": "AVAILABLE", "isAvailable": true, "label": null, "stockLimit": null, "__typename": "ProductAvailability"}, "sponsored": null, "auctionId": null, "link": "/producten/jumbo-aardbeien-320g-526687BAK", "retailSet": false, "prices": {"price": 279, "promoPrice": null, "pricePerUnit": {"price": 872, "unit": "kg", "__typename": "PricePerUnit"}, "__typename": "Price"}, "quantityDetails": {"maxAmount": 99, "minAmount": 1, "stepAmount": 1, "defaultAmount": 1, "__typename": "Quantity"}, "primaryBadge": [], "secondaryBadges": [], "badgeDescription": null, "customerAllergies": {"short": "", "__typename": "CustomerAllergies"}, "promotions": [], "surcharges": [], "__typename": "Product"}]}, {"id": "576421BAK", "brand": "JUMBO", "category": "Aardappelen, groente en fruit", "subtitle": "300 g", "title": "Jumbo Pakket voor Paddenstoelen Gyros 300g", "image": "https://retrieval.dam-lite.prod.aws.jumbo.com/fit-in/360x360/Products/02112023_1698946505131_1698946518088_8718452764099_1.png", "inAssortment": true, "availability": {"availability": "AVAILABLE", "isAvailable": true, "label": null, "stockLimit": null, "__typename": "ProductAvailability"}, "sponsored": false, "auctionId": null, "link": "/producten/jumbo-pakket-voor-paddenstoelen-gyros-300g-576421BAK", "retailSet": false, "prices": {"price": 349, "promoPrice": null, "pricePerUnit": {"price": 1163, "unit": "kg", "__typename": "PricePerUnit"}, "__typename": "Price"}, "quantityDetails": {"maxAmount": 99, "minAmount": 1, "stepAmount": 1, "defaultAmount": 1, "__typename": "Quantity"}, "primaryBadge": [], "secondaryBadges": [{"alt": "THT logo", "image": "/INTERSHOP/static/WFS/Jumbo-Site/Grocery/Jumbo-Grocery/nl_NL/PIMProductBadge/tht-2+.png", "__typename": "Badge"}], "badgeDescription": "2+ dagen houdbaar", "customerAllergies": {"short": "", "__typename": "CustomerAllergies"}, "promotions": [], "surcharges": [], "__typename": "Product", "crossSells": [], "retailSetProducts": []}, {"id": "585692FLS", "brand": "Fruity Smoothie", "category": "Aardappelen, groente en fruit", "subtitle": "750 ML", "title": "Smoothie 100% Smoothie Dragon Fruit Guave Appel Limoen 750ml", "image": "", "inAssortment": true, "availability": {"availability": "AVAILABLE", "isAvailable": true, "label": null, "stockLimit": null, "__typename": "ProductAvailability"}, "sponsored": false, "auctionId": null, "link": "/producten/smoothie-100-smoothie-dragon-fruit-guave-appel-limoen-750ml-585692FLS", "retailSet": false, "prices": {"price": 229, "promoPrice": null, "pricePerUnit": {"price": 305, "unit": "l", "__typename": "PricePerUnit"}, "__typename": "Price"}, "quantityDetails": {"maxAmount": 99, "minAmount": 1, "stepAmount": 1, "defaultAmount": 1, "__typename": "Quantity"}, "primaryBadge": [], "secondaryBadges": [{"alt": "THT logo", "image": "/INTERSHOP/static/WFS/Jumbo-Site/Grocery/Jumbo-Grocery/nl_NL/PIMProductBadge/tht-9+.png", "__typename": "Badge"}], "badgeDescription": "9+ dagen houdbaar", "customerAllergies": {"short": "", "__typename": "CustomerAllergies"}, "promotions": [], "surcharges": [], "__typename": "Product", "crossSells": [], "retailSetProducts": []}, {"id": "597164STK", "brand": "Jumbo", "category": "Aardappelen, groente en fruit", "subtitle": null, "title": "Snackgroente Tomaatjes en Kommertjes", "image": "https://retrieval.dam-lite.prod.aws.jumbo.com/fit-in/360x360/Products/597164STK18a8e64ed-4547-426d-92cc-aa2d0d33c6fd-1698914753660.png", "inAssortment": true, "availability": {"availability": "AVAILABLE", "isAvailable": true, "label": null, "stockLimit": null, "__typename": "ProductAvailability"}, "sponsored": false, "auctionId": null, "link": "/producten/snackgroente-tomaatjes-en-kommertjes-597164STK", "retailSet": false, "prices": {"price": 618, "promoPrice": null, "pricePerUnit": {"price": 618, "unit": "pieces", "__typename": "PricePerUnit"}, "__typename": "Price"}, "quantityDetails": {"maxAmount": 99, "minAmount": 1, "stepAmount": 1, "defaultAmount": 1, "__typename": "Quantity"}, "primaryBadge": [], "secondaryBadges": [], "badgeDescription": null, "customerAllergies": {"short": "", "__typename": "CustomerAllergies"}, "promotions": [], "surcharges": [], "__typename": "Product", "crossSells": [], "retailSetProducts": []}, {"id": "585633FLS", "brand": "Fruity Juice", "category": "Frisdrank en sappen", "subtitle": "1000 ML", "title": "Fruity Juice 100% Sap Sinaasappel 1L", "image": "", "inAssortment": true, "availability": {"availability": "AVAILABLE", "isAvailable": true, "label": null, "stockLimit": null, "__typename": "ProductAvailability"}, "sponsored": false, "auctionId": null, "link": "/producten/fruity-juice-100-sap-sinaasappel-1l-585633FLS", "retailSet": false, "prices": {"price": 189, "promoPrice": null, "pricePerUnit": {"price": 189, "unit": "l", "__typename": "PricePerUnit"}, "__typename": "Price"}, "quantityDetails": {"maxAmount": 99, "minAmount": 1, "stepAmount": 1, "defaultAmount": 1, "__typename": "Quantity"}, "primaryBadge": [], "secondaryBadges": [{"alt": "THT logo", "image": "/INTERSHOP/static/WFS/Jumbo-Site/Grocery/Jumbo-Grocery/nl_NL/PIMProductBadge/tht-9+.png", "__typename": "Badge"}], "badgeDescription": "9+ dagen houdbaar", "customerAllergies": {"short": "", "__typename": "CustomerAllergies"}, "promotions": [], "surcharges": [], "__typename": "Product", "crossSells": [], "retailSetProducts": []}, {"id": "576409BAK", "brand": "JUMBO", "category": "Conserven, soepen, sauzen, oli\u00ebn", "subtitle": "300 g", "title": "Jumbo Pakket voor Paddenstoelen Pastasaus 300g", "image": "https://retrieval.dam-lite.prod.aws.jumbo.com/fit-in/360x360/Products/02112023_1698946504924_1698946514867_8718452764037_1.png", "inAssortment": true, "availability": {"availability": "AVAILABLE", "isAvailable": true, "label": null, "stockLimit": null, "__typename": "ProductAvailability"}, "sponsored": false, "auctionId": null, "link": "/producten/jumbo-pakket-voor-paddenstoelen-pastasaus-300g-576409BAK", "retailSet": false, "prices": {"price": 349, "promoPrice": null, "pricePerUnit": {"price": 1163, "unit": "kg", "__typename": "PricePerUnit"}, "__typename": "Price"}, "quantityDetails": {"maxAmount": 99, "minAmount": 1, "stepAmount": 1, "defaultAmount": 1, "__typename": "Quantity"}, "primaryBadge": [], "secondaryBadges": [{"alt": "THT logo", "image": "/INTERSHOP/static/WFS/Jumbo-Site/Grocery/Jumbo-Grocery/nl_NL/PIMProductBadge/tht-1+.png", "__typename": "Badge"}], "badgeDescription": "1+ dagen houdbaar", "customerAllergies": {"short": "", "__typename": "CustomerAllergies"}, "promotions": [], "surcharges": [], "__typename": "Product", "crossSells": [], "retailSetProducts": []}, {"id": "576420BAK", "brand": "JUMBO", "category": "Conserven, soepen, sauzen, oli\u00ebn", "subtitle": "250 g", "title": "Jumbo Pakket voor Champignon Roomsaus 250g", "image": "https://retrieval.dam-lite.prod.aws.jumbo.com/fit-in/360x360/Products/02112023_1698946505018_1698946517253_8718452764044_1.png", "inAssortment": true, "availability": {"availability": "AVAILABLE", "isAvailable": true, "label": null, "stockLimit": null, "__typename": "ProductAvailability"}, "sponsored": false, "auctionId": null, "link": "/producten/jumbo-pakket-voor-champignon-roomsaus-250g-576420BAK", "retailSet": false, "prices": {"price": 299, "promoPrice": null, "pricePerUnit": {"price": 1196, "unit": "kg", "__typename": "PricePerUnit"}, "__typename": "Price"}, "quantityDetails": {"maxAmount": 99, "minAmount": 1, "stepAmount": 1, "defaultAmount": 1, "__typename": "Quantity"}, "primaryBadge": [], "secondaryBadges": [{"alt": "THT logo", "image": "/INTERSHOP/static/WFS/Jumbo-Site/Grocery/Jumbo-Grocery/nl_NL/PIMProductBadge/tht-1+.png", "__typename": "Badge"}], "badgeDescription": "1+ dagen houdbaar", "customerAllergies": {"short": "", "__typename": "CustomerAllergies"}, "promotions": [], "surcharges": [], "__typename": "Product", "crossSells": [], "retailSetProducts": []}]